2776 4876
194 323 247 376 1⁰4
1195 317 1249 384 3,2

192 478 330 564 ζομένου
350 499 384 542 τε
407 481 443 541 έν
464 476 510 558 τῷ
533 478 666 541 ελσιέναι
686 479 743 541 καὶ
764 479 1012 562 περικεχυμένου
1028 471 1249 560 πανταχόθεν

192 583 271 655 ἄνευ
297 581 387 664 τινὸς
415 590 561 678 ἐπαφῆς,
596 583 782 672 θαυμαστά
810 609 844 652 τε
873 588 953 672 έργα
982 582 1249 672 ἀπεργαζομένων

191 697 273 788 πρὸς
294 692 493 782 ἀπαλλαγὴν
514 699 640 763 παθῶν
661 701 770 784 ψυχῆς
792 720 826 762 τε
846 701 903 764 καὶ
926 693 1088 781 σώματος.
1127 691 1247 762 ἄλλοτε
1267 707 1282 760 3

190 811 225 876 tt
246 809 358 901 φωτὸς
379 804 631 897 ἐπιλάμψαντος
653 810 808 896 λαμπροῦ
829 811 886 874 καλ
901 806 1061 895 ἡρεμαέον
1076 812 1248 892 κατέχεται
1294 882 1300 886 ,

189 922 249 1006 μὲν
271 917 292 1000 ἡ
315 923 380 986 τῶν
402 918 595 1009 ὀφθαλμῶν
621 913 714 1005 ὄψις,
744 916 882 1005 συμμύει
910 943 960 997 τε,
989 916 1247 1004 ἀναπεπταμένη

188 1033 250 1116 μὲν
270 1021 355 1096 ούσα
376 1028 552 1118 πρότερον·
576 1035 610 1096 αιι
635 1029 664 1095 δ’
683 1025 783 1096 ἄλλαι
805 1027 981 1110 αἰσθήσεις
1002 1031 1281 1117 διεγηγερμέναιέ

190 1137 396 1226 τυγχάνουσι,
417 1144 474 1208 καὶ
497 1138 784 1208 συναισθύνονται
808 1145 876 1218 πῶς
899 1149 944 1220 εὶς
965 1136 1003 1208 τὰ
1027 1144 1099 1229 φῶς
1121 1145 1153 1206 οἱ
1169 1143 1248 1206 θεοὶ

191 1255 420 1343 ἐκφαίνουσαι,
448 1248 513 1317 ὅσα
536 1275 570 1318 τε
593 1254 742 1337 λέγουσιν
764 1252 920 1319 ἀκούουσι
947 1259 1004 1318 καὶ
1033 1248 1097 1318 ὅσα
1127 1252 1248 1340 δρῶσιν

189 1362 282 1430 ἰ’σοισι
304 1364 636 1450 παρακολουθοῦσαν.
1265 1370 1282 1421 9

283 1469 491 1561 Τελειότερον
518 1472 547 1539 δ’
567 1477 614 1540 έτι
640 1475 736 1540 τοῦδε
765 1476 956 1561 θεωρεῖται,
986 1469 1084 1552 ἡνίκα
1114 1465 1157 1539 civ
1191 1474 1248 1538 καὶ

187 1581 210 1663 ἡ
240 1579 319 1671 ὄψις
350 1586 454 1677 βλέπῃ
482 1588 538 1651 καὶ
572 1583 591 1651 ὁ
619 1587 697 1661 νοῦς
725 1589 907 1673 ἐρρωμένος
935 1585 1151 1674 ἐπακολουθῇΙ
1178 1593 1248 1660 τοῖς

189 1695 376 1783 δρωμένοις,
398 1698 525 1776 κίνησίς
539 1718 573 1761 τε
589 1697 655 1760 τῶν
669 1692 888 1782 θεωρούντων
904 1690 1101 1786 συνυπάρχη.
1141 1696 1246 1760 ταῦτα
1266 1697 1300 1748 1²

192 1800 234 1884 δὴ
259 1795 319 1870 οὖν
341 1808 489 1872 τοσαῦτα
512 1799 594 1871 ὅντα
616 1807 672 1872 καὶ
694 1801 779 1870 οὕτω
801 1803 951 1896 διάφορα
974 1803 1084 1873 ούδενὶ
1105 1807 1171 1871 τῶν
1191 1803 1247 1871 ἀν-

190 1917 374 2005 θρωπίνων
395 1921 602 2003 προσέοικεν·
626 1912 699 1981 ἀλλ’
720 1911 739 1981 ὅ
761 1939 795 1981 τε
818 1913 920 1994 ύπνος
934 1918 991 1982 καὶ
1005 1914 1026 1997 ἡ
1041 1910 1166 2002 κατοχὴ
1181 1918 1247 1981 τῶν

189 2023 349 2111 ὀμμάτων
371 2029 427 2093 καὶ
449 2025 471 2107 ἡ
493 2023 584 2113 κάρῳ
605 2020 797 2116 προσφερὴς
810 2023 997 2114 κατάληψις
1015 2031 1072 2093 καὶ
1087 2025 1108 2107 ἡ
1124 2022 1247 2110 μεταξύ
1266 2035 1299 2086 15

183 2137 248 2203 ’τοῦ
268 2133 373 2205 ύπνον
395 2161 429 2203 τε
451 2140 508 2204 καὶ
529 2139 588 2218 τῆς
603 2133 826 2225 ἐγρηγόρσεως
840 2136 1042 2215 κατάστασις
1055 2141 1112 2203 καὶ
1133 2133 1247 2226 ἡύρτι

187 2246 421 2336 ἀνεγειρομένη
444 2244 467 2328 ἢ
488 2249 509 2329 ἡ
532 2243 696 2328 παντελὴς
718 2245 910 2338 ἐγρήγορσις
932 2248 1042 2316 πάντα
1071 2246 1155 2341 θεῖοί
1177 2256 1247 2315 ἐστι

262 2470 288 2521 2.
315 2462 546 2538 σἰπεργαζομένσυ]
565 2466 599 2519 sic
619 2471 649 2532 Α,
678 2462 891 2540 ἀπεργαζομένης
910 2471 944 2523 O.
1055 2473 1080 2522 5.
1108 2483 1165 2538 post
1183 2465 1245 2535 ὄψις

261 2553 332 2605 ACD
352 2554 448 2605 addunt
465 2555 519 2606 nai.
603 2554 627 2605 6.
654 2558 701 2622 μὲν
719 2573 769 2606 om.
789 2555 847 2608 AD.
930 2557 970 2608 10.
999 2552 1089 2620 τοῦδε]
1108 2553 1190 2608 τοῦτο
1211 2555 1244 2608 0.

259 2642 301 2693 11.
329 2642 409 2709 βλέπη
427 2639 513 2703 ACD,
539 2641 627 2705 βλέπει
645 2640 678 2692 0.
700 2633 712 2707 ΙΙ
732 2638 889 2712 ἐρρωμένος]
912 2640 947 2692 sic
965 2645 1002 2704 A,
1029 2637 1188 2711 ἐρρωμένους
1212 2641 1244 2702 D,

258 2723 383 2796 ἐρώμενος
402 2726 434 2779 0.
456 2720 468 2793 ΙΙ
489 2723 662 2792 ἐπακολονθῆ
681 2724 761 2789 ACD,
789 2729 969 2780 ἐπακολουθεῖ
987 2726 1021 2778 0.
1112 2729 1154 2780 12.
1181 2745 1244 2780 συν-

258 2811 364 2883 υπύρχη
373 2811 427 2874 AC,
445 2808 652 2881 σννυπάρχειΟ.
710 2811 751 2862 11.
779 2811 946 2883 προσέοικεν]
960 2811 995 2863 sic
1006 2813 1040 2877 D,
1058 2819 1201 2884 προσέηκεν
1212 2815 1243 2877 Α,

256 2900 386 2967 προσέηκε
406 2895 435 2960 C,
464 2900 601 2967 προσέοικε
620 2897 653 2948 Ο.
727 2899 768 2950 15.
797 2898 982 2969 προσεμφερὴς
1000 2896 1080 2949 Act).

186 3143 274 3201 tactu,
299 3153 434 3212 operaque
452 3144 571 3212 praestat
594 3136 705 3192 mirifica
731 3136 765 3192 ad
785 3139 926 3215 passiones
948 3139 1051 3193 animoe
1073 3146 1100 3192 et
1122 3141 1244 3214 eorporis

184 3220 398 3295 restinguendos.
447 3220 590 3298 aliquando
608 3242 673 3278 vero
692 3222 781 3279 lumen
805 3223 937 3299 liquidum
959 3233 986 3279 et
1003 3222 1176 3299 tranquillum
1194 3222 1244 3280 ful-

184 3313 236 3380 get,
262 3303 313 3360 sub
332 3325 385 3381 quo
403 3308 478 3363 visus
497 3306 632 3364 detinetur
651 3319 678 3365 et
695 3311 822 3367 connivet
839 3318 917 3364 antea
934 3308 1054 3386 patulus;
1077 3308 1123 3366 olii
1141 3313 1242 3366 interea

184 3409 279 3446 sensus
299 3395 449 3470 experrecti
472 3405 548 3462 sunt,
576 3398 831 3472 persentiscuntque
854 3395 960 3470 quando
985 3395 1022 3451 dii
1045 3396 1186 3452 manifesto
1211 3416 1242 3452 se

183 3477 340 3546 ostendunt,
363 3488 390 3534 et
408 3500 477 3556 quae
498 3480 645 3557 loquuntur
662 3491 795 3557 aguntque
817 3491 995 3538 concurrente
1013 3481 1242 3539 animadversione

182 3564 345 3639 percipiunt.

252 3645 401 3706 Perfeotius
420 3660 508 3708 autem
527 3651 556 3706 id
574 3661 661 3708 totum
679 3650 849 3720 discernitur,
870 3653 976 3729 quando
994 3664 1023 3710 et
1038 3656 1113 3710 visus
1126 3656 1243 3732 percipit

183 3740 211 3789 et
228 3731 380 3792 intellectus
398 3739 587 3793 corroboratus
607 3757 675 3814 quae
692 3737 762 3793 fiunt
779 3741 944 3815 assequitur,
968 3750 995 3795 et
1013 3739 1094 3796 simul
1117 3743 1164 3817 qui
1182 3761 1243 3818 spe·

184 3828 257 3876 etant
269 3817 427 3877 afficiuntur.
474 3833 547 3879 tanta
565 3833 673 3900 tamque
685 3823 836 3881 differentia
848 3828 950 3882 somnia
962 3826 1034 3882 haud
1045 3836 1111 3904 puto
1128 3825 1242 3883 humana

183 3915 260 3961 sunt:
279 3903 327 3960 sed
346 3903 393 3960 ille
411 3926 521 3966 somnus
540 3919 567 3965 et
585 3909 657 3986 quod
676 3911 713 3965 ita
731 3911 803 3968 oculi
821 3922 970 3982 teneantur,
989 3923 1017 3968 et
1029 3932 1091 3969 earo
1104 3915 1182 3989 quasi
1194 3933 1241 3990 op·

182 3993 341 4069 primoum,
366 4000 393 4046 et
411 3993 484 4069 quod
502 3997 542 4051 sic
560 3996 642 4052 medii
660 3999 744 4054 simus
763 4000 834 4054 inter
851 4018 973 4056 somnum
996 4010 1024 4056 et
1041 3998 1171 4077 vigiliam,
1196 4000 1241 4055 vel

184 4076 256 4151 quod
275 4087 320 4134 aut
337 4097 426 4156 paene
444 4080 652 4157 expergefiamus
665 4082 708 4139 vel
721 4086 801 4141 etiam
813 4085 886 4162 qnod
898 4087 1014 4155 omnino,
1033 4088 1121 4142 omnia
1132 4088 1241 4162 inquam

184 4163 235 4218 ista
253 4174 316 4221 sunt
334 4163 425 4222 divina
444 4164 516 4221 etad
529 4164 596 4222 deos
608 4170 794 4247 suscipiendos
807 4171 1013 4239 accommodata,
1031 4174 1113 4228 immo
1126 4172 1159 4229 ab
1170 4175 1240 4251 ipsis
