2776 4876
122 359 177 424 &2
1125 360 1176 414 loo

126 518 183 581 καὶ
205 509 288 600 πρὸς
309 508 477 599 ὑποδοχὴν
505 516 571 580 τῶν
599 517 691 580 θεῶν
709 510 899 595 ἐπιτήδεια,
929 512 987 580 ἀπ’
1006 513 1113 582 αὐτῶν
1142 537 1176 581 τε

123 630 338 710 ἐπιπέμπεται
366 627 432 691 τῶν
461 627 561 706 θεῶν,
589 629 689 713 μέρος
711 649 745 691 τε
768 627 827 706 τῆς
856 628 955 703 θείας
983 631 1177 716 ἐπιφανείας

44 806 54 815 ,
86 752 102 802 3
122 742 177 803 καὶ
200 731 286 803 κατά
308 739 446 802 τοιαῦτα
469 745 671 821 προηγεῖται.

203 843 314 914 ’Ἀνελε
337 839 397 914 οὖν
418 852 454 913 ἐκ
476 849 543 914 τών
566 850 671 914 θείων
693 846 838 938 ὀνείρων,
860 854 895 915 ἐν
917 846 968 925 οίς
983 843 1024 928 δὴ
1040 851 1095 913 καὶ
1110 844 1176 933 μά-

121 954 217 1025 λιστά
239 964 307 1026 ἐστι
329 954 369 1024 τὸ
391 954 559 1045 μαντικόν,
582 955 620 1025 τὸ
634 955 813 1025 καθεύδειν
828 957 982 1026 ὁπωσοῦν
1004 961 1060 1024 καὶ
1075 956 1113 1023 τὸ
1128 953 1176 1040 μὴ

87 1090 102 1140 6
123 1071 396 1156 παρακολουθεῖν
417 1067 460 1146 ὡς
481 1067 570 1154 ὕπαρ
600 1081 671 1148 τοῖς
694 1075 968 1161 ἐπιφαινομένοις.
1015 1068 1089 1135 etet
1111 1071 1176 1156 γάρ

122 1179 197 1248 οὐδὲ
220 1177 292 1247 οἷόν
314 1185 348 1246 τέ
370 1175 524 1260 ἐστιτήν
545 1184 668 1269 ἐναργῆ
697 1183 885 1268 παρουσίαν
914 1184 981 1246 τῶν
1003 1182 1095 1249 θεῶν
1117 1185 1177 1262 τῆς

121 1288 209 1377 ὕπαρ
231 1297 440 1376 ἐγγινομένης
467 1289 793 1380 παρακολουθήσεως
815 1289 1074 1359 ἀπολείπεσθαι·
1098 1289 1171 1359 ἀλλ’

87 1419 103 1471 9
122 1409 149 1468 ελ
160 1397 225 1490 χρὴ
238 1400 387 1482 τάληθὲς
402 1409 510 1482 είπεῖν,
533 1408 588 1470 καὶ
603 1407 813 1492 σαφεστέραν
828 1397 934 1483 αὐτὴν
949 1401 1031 1469 εἶναι
1047 1400 1177 1488 ἀνάγκη

121 1517 178 1580 καὶ
200 1512 435 1601 ἀκριβεστέραν
457 1520 581 1597 ἐκείνης
603 1518 658 1581 καί
685 1511 815 1581 σύνεσιν
844 1515 1048 1599 ἐμποιοῦσαν
1076 1519 1176 1580 τελει-

121 1629 250 1712 οτέραν.
296 1620 319 1689 ἀ
342 1621 384 1706 δὴ
406 1620 453 1710 μὴ
475 1623 688 1710 γινώσκοντες
710 1648 794 1702 τινες
815 1625 977 1711 δείγματα
991 1628 1058 1692 τῶν
1073 1621 1177 1703 ὅντως

69 1749 103 1800 12
121 1738 288 1821 μαντικῶν
310 1734 454 1824 ὀνείρων,
482 1731 594 1803 κοινὸν
617 1738 652 1803 δέ
674 1758 748 1802 τινα
771 1732 895 1823 τρόπον
917 1736 967 1801 ἐπ’
987 1734 1096 1802 αὐτῶν
1117 1735 1177 1803 ἀυ-

122 1846 294 1936 θρώπινον
308 1849 520 1926 ἐπινοοῦντες,
535 1851 785 1937 παραπίπτουσι
799 1844 885 1913 κατά
900 1850 1075 1932 συντυχίαν
1090 1868 1176 1912 σπα·

122 1955 225 2035 νιάκις
247 1957 296 2024 ἐπ’
316 1956 425 2024 αὐτῶν
447 1961 485 2048 τῇ
509 1963 568 2025 τοῦ
588 1961 766 2046 μέλλοντος
787 1956 977 2043 προγνώσει,
998 1961 1054 2025 καὶ
1069 1962 1177 2025 ἐντεῦ·

70 2080 102 2130 15
123 2073 187 2138 θεν
210 2066 340 2146 εἰκότως
363 2067 535 2158 ἀποροῦσι,
558 2071 627 2147 πῶς
648 2075 839 2157 συνέχουσιν
855 2075 887 2135 oi
903 2053 1025 2157 ὄνειροι
1039 2065 1078 2136 τὸ
1093 2068 1176 2150 ἀλη-

120 2184 192 2257 θές.
224 2175 247 2247 ai
270 2175 311 2260 δὴ
333 2183 390 2247 καὶ
413 2183 449 2246 σέ
472 2177 632 2267 θρώττειν
652 2205 712 2266 μοι
733 2183 823 2247 δοκεῖ
845 2175 901 2245 διά
925 2177 963 2246 τὸ
985 2176 1032 2266 μὴ
1055 2183 1176 2247 ελδίναι

121 2288 162 2358 τά
185 2288 335 2373 ἀληθινὰ
359 2290 467 2358 αὐτῶν
482 2294 704 2378 γνωρίσματα.
743 2287 829 2356 ἀλλά
845 2292 895 2356 δεῖ
910 2301 1055 2377 στοιχεῖα
1070 2295 1175 2357 ταῦτα

69 2412 102 2463 18
120 2398 395 2492 προστησώμενόν
417 2422 453 2468 σε
475 2404 535 2481 τῆς
556 2399 724 2482 ἀληθινῆς
738 2404 804 2468 τών
820 2400 957 2488 ὀνείρων
974 2399 1175 2486 ἐπιγνώσεως

192 2638 215 2688 1.
242 2633 293 2688 τῖιν
310 2655 359 2688 om.
382 2640 412 2688 Α.
485 2638 509 2687 2.
537 2631 578 2699 τε]
597 2636 624 2688 di
643 2635 676 2687 0.
749 2637 774 2688 3.
800 2632 890 2700 κακοί]
909 2633 946 2686 τά
967 2632 1022 2685 ΑΙ).
1095 2633 1120 2684 4.
1148 2636 1174 2684 ἐκ

191 2718 256 2786 τών]
276 2715 363 2774 adada
382 2720 435 2775 AC.
526 2722 552 2773 5.
580 2719 738 2774 καθεύδωσι
757 2721 790 2774 D.
882 2719 923 2771 10.
952 2715 1101 2789 ἐμποιοῦσα
1119 2717 1174 2768 CI).

192 2809 234 2860 11.
262 2809 355 2876 δεῖγμα
373 2806 402 2860 C.
415 2801 427 2875 ΙΙ
440 2803 537 2872 ὅντως]
556 2807 591 2858 sic
609 2807 663 2870 Ac,
691 2802 773 2861 ὄντων
792 2807 824 2859 0.
887 2807 929 2858 13.
957 2801 1044 2869 κατὰ]
1064 2803 1099 2856 sic
1120 2804 1175 2864 ΑΙ),

191 2893 262 2948 nasci
279 2893 327 2961 τὴν
345 2893 378 2946 0.
451 2894 492 2946 16.
520 2890 636 2964 θράττει
654 2893 688 2958 D,
716 2891 844 2966 πράττειν
862 2890 894 2943 Β.

122 3100 175 3156 diis
193 3119 329 3168 concessa,
350 3109 378 3155 et
395 3100 525 3178 quaedam
543 3101 633 3178 portio
652 3098 758 3157 divinae
771 3097 928 3177 epiphaniae
939 3098 1058 3154 illabitur
1069 3117 1118 3174 per
1130 3096 1176 3154 hu·

121 3185 236 3243 iusmodi
253 3188 477 3264 praeparationes.

192 3274 283 3348 Quare
301 3273 367 3331 tolle
385 3295 400 3329 a
418 3274 518 3331 divinis
537 3275 663 3340 somniis,
688 3269 757 3348 quae
775 3273 888 3327 maxime
904 3272 1023 3326 vaticinii
1040 3271 1095 3326 rim
1114 3289 1175 3325 con-

122 3361 215 3427 tinent,
234 3380 340 3417 omnem
357 3361 466 3416 omnino
485 3358 685 3426 dormitionem
704 3357 771 3414 tolle
789 3368 818 3414 et
834 3357 899 3427 hoc,
923 3376 977 3413 non
995 3354 1107 3434 perinde
1124 3374 1176 3411 nos

121 3448 228 3522 assequi
251 3446 324 3522 quod
345 3456 403 3502 tum
425 3444 583 3502 ostendatur
605 3465 638 3501 ac
660 3465 721 3501 cum
742 3444 891 3521 vigilemus.
939 3463 988 3500 nec
1011 3444 1082 3498 enim
1109 3441 1176 3497 deos

120 3541 276 3608 praesentes
295 3533 383 3587 mnus
402 3529 474 3588 clare
492 3531 726 3588 animadvertimus
744 3550 823 3607 quam
841 3549 909 3606 quae
931 3528 1073 3606 vigilantes
1091 3529 1178 3606 perci-

120 3619 221 3694 pimus:
240 3618 331 3686 immn,
350 3616 423 3693 quod
439 3636 534 3673 verum
552 3627 605 3684 est,
629 3615 675 3672 illa
698 3617 810 3673 deorum
833 3617 965 3693 apparitio
989 3616 1060 3671 omni
1084 3625 1176 3671 nostra

121 3702 351 3759 animadversione
368 3721 422 3760 nou
440 3711 533 3780 potest
549 3722 604 3758 non
621 3723 682 3760 esse
700 3702 866 3759 manifestior
884 3711 912 3757 et
935 3703 1096 3770 accuratior,
1119 3712 1177 3758 tum

122 3792 201 3845 etiam
218 3787 405 3867 perfectiorem
424 3807 503 3865 qnam
520 3786 566 3843 illa
585 3791 764 3864 cognitionem
781 3788 871 3867 gignit.
916 3786 1061 3844 haecvere
1073 3788 1177 3846 divino-

121 3896 179 3932 rum
198 3877 363 3932 somniomm
380 3873 479 3956 indicia)
497 3871 605 3949 quidam
622 3893 676 3929 non
698 3874 884 3942 observantes,
906 3873 956 3930 sed
976 3873 1049 3931 idem
1072 3874 1107 3931 de
1129 3876 1176 3931 hu·

122 3964 206 4018 mauis
225 3983 256 4019 ac
275 3962 310 4018 de
326 3961 370 4017 his
389 3960 581 4026 existimantes,
600 3977 661 4014 raro
679 3958 822 4015 admodum
839 3978 888 4036 per
906 3962 958 4016 ista
971 3971 997 4017 st
1009 3981 1073 4018 casu
1086 3981 1176 4019 veram

121 4046 271 4105 futurorum
289 4049 467 4126 cognitionem
486 4055 677 4120 assequuntum
696 4066 726 4103 ac
744 4044 857 4123 proinde
875 4046 997 4104 dubitant
1015 4067 1070 4103 nou
1086 4049 1176 4102 imme·

123 4137 184 4204 rito,
203 4156 236 4190 an
254 4134 343 4211 aliqua
361 4136 398 4190 sit
415 4135 445 4189 in
462 4133 574 4188 somniis
592 4133 701 4189 veritas:
722 4133 794 4210 quod
812 4143 839 4189 te
851 4153 959 4210 quoque
970 4133 1084 4212 proinde
1096 4131 1175 4189 video

122 4221 272 4298 perturbat,
296 4224 357 4298 quia
379 4240 434 4278 non
457 4223 530 4279 nosti
554 4221 718 4278 somniomm
738 4221 838 4280 indicia
864 4232 892 4279 et
918 4221 1079 4280 discrimina.
1128 4220 1176 4278 sed
