2776 4876
148 337 203 400 3,9
1154 344 1202 397 191

149 489 263 566 αὐτοῖς
284 488 486 557 ἀποδέδοται
507 490 707 582 προσφόροις
730 493 815 559 κατά
838 490 898 572 τάς
921 500 1042 574 οἰκείας
1059 494 1204 573 ἑκάστων

149 599 256 681 τάξεις
279 605 335 667 καί
358 599 511 687 δυνάμεις
533 606 590 669 καὶ
612 597 672 680 τάς
693 609 729 668 έν
752 603 841 688 αὐτῷ
862 610 963 672 παντὶ
985 603 1127 687 κινήσεις
1147 614 1205 676 uui

113 708 208 790 3τάς
230 707 297 778 ἀπὸ
327 716 392 778 τῶν
413 710 572 793 κινήσεων
593 715 807 799 ῥοιζουμένας
835 723 1050 802 ἐναρμονίους
1073 716 1201 806 φωνάς·

146 819 232 902 κατά
254 819 295 902 δὴ
317 820 378 901 τάς
400 821 556 902 τοιαύτας
576 827 641 891 τῶν
655 829 763 910 μελῶν
778 825 861 909 πρὸς
876 821 951 905 τοὺς
965 824 1070 904 θεοὺς
1087 826 1203 901 οίιιειόυ

148 959 258 1016 εητας,
271 938 439 1022 παρουσία
461 958 501 1000 τε.
524 934 633 1002 αὐτῶν
661 940 787 1021 γίνεται
815 936 911 1018 (οὐδὲ
933 936 997 1021 γάρ
1019 944 1090 1005 ἐστί
1106 963 1144 1010 4τι
1161 934 1203 1006 ud

113 1047 321 1133 οδιιῖρχον),
351 1041 433 1120 ὥστε
456 1052 602 1132 μετέχειν
626 1046 735 1115 αὐτῶν
757 1043 861 1124 εὐθυς
883 1042 921 1114 τά
948 1042 1025 1127 τὴν·
1040 1053 1204 1134 τυχοῦσαν

148 1157 222 1240 ίχον
242 1151 328 1241 πρὸς.
348 1152 470 1233 αὐτοὺς
484 1153 674 1241 ὁμοιότητα,
697 1157 822 1244 νατοχή
842 1183 877 1225 τε
892 1162 1085 1225 συνίσταται
1099 1155 1203 1238 εὐθὺς

147 1268 255 1331 τελεία
276 1270 332 1332 καὶ
354 1263 521 1355 πλήρωσις
542 1271 603 1348 τῆς
622 1274 808 1356 κρείττονος
822 1269 938 1347 οὐσίας
954 1274 1012 1336 καὶ
1026 1269 1202 1355 δυνάμεως.

113 1392 129 1444 t
147 1400 206 1462 ουχ
229 1374 281 1449 ὅτι
301 1372 340 1443 τὸ
362 1379 459 1460 σῶμα
480 1381 537 1444 καὶ
558 1376 580 1457 ἡ
603 1375 694 1466 ψυχὴ
709 1378 865 1462 ἀλλήλοις
880 1385 948 1447 ’ἐστι
964 1382 1131 1465 συμπαθῆ
1145 1383 1202 1446 καὶ

148 1484 330 1574 σνμπάσχει
351 1499 422 1565 τοῖς
443 1492 582 1573 μέλασιν,
605 1488 678 1555 ἀλλ’
698 1494 766 1557 ἐπεὶ
791 1494 850 1570 τῆς
873 1494 973 1569 θείας
994 1488 1159 1576 ἁρμονίας
1178 1488 1201 1569 ἡ

147 1601 212 1663 τῶν
234 1599 326 1663 θεῶν
348 1602 502 1666 ἐπίπνοια
525 1598 584 1667 οὐκ
605 1598 803 1688 ἀφέστηκεν,
829 1604 1039 1667 οίιιειωθεῖσα
1062 1603 1097 1666 δὲ
1118 1595 1203 1688 πρὸς

96 1721 129 1773 12
147 1702 251 1786 αὐτὴν
264 1703 432 1796 καταρχὰς
445 1707 613 1795 μετέχουσι
632 1709 688 1777 ὑπ)
705 1710 809 1790 αὐτῆς·
822 1718 857 1777 έν
871 1717 1003 1799 μέτροις
1016 1722 1085 1788 τοῖς
1098 1731 1203 1796 προσ-

146 1815 297 1896 ήκουσιν·
326 1822 390 1905 έχει
418 1821 453 1885 δὲ
481 1822 538 1886 καὶ
565 1816 603 1886 τὸ
634 1819 868 1907 άνεχείρεσθαι
896 1824 953 1888 καὶ
981 1817 1020 1886 τὸ
1050 1817 1202 1898 άποπαύ·

146 1932 249 1996 εσθαι
269 1926 355 1995 κατά
377 1927 525 2010 τὴντῶν
547 1934 640 1997 θεῶν
662 1930 755 2011 τάξιν
781 1928 945 2017 ἑκάτερον.
983 1931 1144 2018 ἀπέρασιν
1167 1934 1203 1998 dd

95 2056 129 2107 tt
147 2043 203 2107 καὶ
236 2036 477 2128 ἀποκάθαρσιν
511 2044 658 2129 ίατριίαν
686 2066 720 2108 τε
751 2041 905 2128 οὐδαμῶς
937 2038 1019 2108 αὐτὸ
1054 2044 1201 2122 κλητέον.
1222 2085 1225 2089 -
1247 2052 1251 2057 ’

148 2150 223 2219 οὐδὲ
249 2145 314 2239 γάρ
343 2147 429 2219 κατὰ
457 2150 592 2239 νόσημά
620 2177 652 2218 τι
678 2148 700 2230 ἢ
726 2149 939 2238 πλεονασμόν
959 2149 981 2232 ἢ
1001 2154 1202 2242 περίττωμα

217 2398 244 2447 2.
270 2409 327 2464 post
344 2390 416 2462 αὖτῷ
436 2409 471 2447 cst
488 2396 576 2448 lacuna
594 2395 621 2446 in
639 2394 672 2446 B.
749 2396 772 2448 d.
801 2397 953 2465 ροιζομίνας
972 2394 1024 2446 AC.
1106 2394 1130 2445 b.
1158 2387 1203 2445 εὖ·

217 2478 287 2546 otc]
305 2479 340 2532 sic
359 2477 503 2543 ansatur)
523 2481 556 2534 0.
628 2483 651 2532 7.
681 2477 782 2548 κακοχή
800 2478 831 2542 Β,
855 2476 960 2547 καναχὴ
981 2476 1035 2530 CD.
1110 2478 1134 2529 9.
1153 2472 1201 2530 άλ-

217 2563 319 2634 didm]
337 2562 372 2617 tic
391 2564 471 2629 Act),
489 2570 515 2620 dr
526 2562 645 2637 ἀλλήλοις
664 2566 697 2620 0.
713 2560 732 2635 ss
752 2561 901 2635 συμπαθῆ]
921 2562 956 2614 sic
968 2563 997 2627 C,
1016 2567 1158 2633 συμπαθεῖ
1167 2562 1201 2616 0.

199 2652 263 2704 ·10.
289 2654 332 2703 tut
349 2650 406 2704 ΟΒ.
481 2653 522 2705 14.
550 2647 695 2723 άπέρασιν]
714 2651 749 2703 εἰσ
768 2650 824 2712 cl),
842 2645 1059 2721 άπίροισιν(σοττ,.
1073 2647 1201 2700 aliusnon.

213 2731 371 2808 tipuipsusr)
391 2739 421 2800 A,
440 2731 460 2790 di
479 2741 573 2808 πέρασι
590 2734 621 2801 B.
641 2733 782 2808 ἀφαίρεσιν
801 2736 835 2799 0,
853 2751 877 2788 ct
893 2751 946 2788 tum
965 2734 1037 2790 BCD
1055 2734 1144 2787 Fescb.
1161 2754 1200 2785 rc-

216 2823 306 2874 cedunt
323 2823 354 2874 ad
374 2826 399 2887 2,
417 2825 434 2877 4
452 2824 489 2876 τὰ
508 2826 535 2877 δὲ
553 2820 603 2876 τῶν
622 2824 719 2890 ψυχῶν.

146 3069 221 3135 mira,
240 3086 309 3142 quae
326 3066 488 3143 respondeat
505 3068 623 3144 propriis
642 3064 807 3142 singulorum
824 3064 935 3122 deorum
953 3062 1092 3119 ordinibus
1109 3071 1137 3116 ct
1153 3081 1201 3138 po·

146 3154 238 3208 tentiis
257 3154 337 3207 ctiam
355 3162 383 3207 ct
399 3154 519 3210 universi
537 3152 760 3211 conversionibus
781 3159 808 3205 et
831 3149 993 3205 harmonicis
1017 3146 1200 3216 concentibus,

147 3240 193 3314 qui
212 3237 245 3292 ab
262 3238 324 3293 istis
342 3240 565 3297 conversionibus
581 3238 731 3316 profluunt,
755 3235 880 3312 quodque
899 3242 1011 3311 propter
1032 3233 1100 3289 bano
1117 3231 1202 3288 adini·

146 3334 229 3380 tatem
246 3343 314 3400 quas
331 3326 494 3382 carminibus
511 3344 572 3382 cum
589 3325 642 3380 diis
661 3321 810 3391 intercedit,
829 3323 883 3398 ipsi
894 3321 985 3375 statim
997 3320 1033 3373 ita
1044 3325 1201 3394 praecentor

146 3431 177 3464 se
194 3412 293 3465 sistant
309 3411 391 3482 (nibil
408 3414 480 3468 euim
497 3421 540 3467 est
557 3409 630 3486 quod
648 3408 803 3484 disiungat),
824 3417 855 3462 ut
872 3406 907 3463 de
923 3409 957 3462 iis
974 3404 1137 3482 participent
1154 3403 1201 3477 qui

146 3495 309 3567 mediocrem
327 3497 361 3553 sd
379 3516 427 3552 eos
438 3497 537 3553 babent
548 3494 758 3563 similitudinem,
776 3496 857 3550 immo
869 3491 987 3570 perfecta
1003 3491 1094 3546 statim
1106 3485 1201 3544 evada

147 3581 271 3635 obsessio
290 3590 317 3634 ct
334 3579 454 3637 mobaris
475 3592 586 3638 naturas
606 3583 804 3660 potestatisque
825 3577 956 3656 plenioris
978 3575 1098 3632 haustus.
1145 3593 1201 3629 non

148 3663 222 3741 qnod
242 3683 342 3740 corpus
366 3676 394 3721 ct
416 3668 501 3722 anima
519 3669 635 3724 invicem
657 3673 873 3724 commoveantur
895 3673 923 3718 ct
941 3663 1137 3739 compatiantur
1151 3677 1202 3736 per

147 3752 272 3818 carmina,
291 3749 340 3806 sed
357 3753 481 3825 quomam
498 3751 610 3809 deorum
628 3751 727 3807 afflatio
745 3768 879 3824 nunquam
897 3746 1020 3803 destituit
1036 3745 1201 3802 bar-moniam

148 3839 275 3904 divinam,
294 3837 337 3892 cui
356 3856 417 3892 curn
434 3837 468 3893 ab
487 3839 589 3914 origine
605 3835 742 3892 familiaris
760 3836 797 3890 sit
815 3844 843 3889 et
854 3842 972 3908 cognata,
991 3841 1064 3888 recte
1076 3839 1201 3887 comatur

148 3925 181 3980 ab
200 3945 230 3980 sa
247 3922 348 3980 hauriri
366 3925 499 3979 mensuris
518 3922 752 3986 convenientibus3
771 3929 853 3996 utque
868 3918 933 3975 binc
943 3918 1145 3995 fitquoduunc
1158 3935 1200 3971 ex-

149 4012 247 4067 citetur
264 4030 334 4066 nunc
356 4010 538 4077 submittatur,
560 4017 703 4082 utrumque
725 4007 797 4062 iuxta
820 4005 932 4062 deorum
951 4004 1069 4061 ordines.
1116 3999 1201 4057 multo
1224 4014 1237 4045 ‘-

150 4098 237 4152 minus
256 4096 355 4152 afflatio
374 4097 430 4154 dici
447 4096 528 4153 debet
546 4095 682 4151 evacuatio
700 4094 823 4172 purgatio
841 4102 887 4148 aut
898 4093 1001 4148 animas
1012 4088 1119 4146 medela.
1156 4104 1201 4142 nc-

151 4203 204 4258 que
222 4185 293 4240 enim
310 4186 339 4241 iu
356 4185 435 4242 nobis
452 4185 569 4263 primum
586 4181 732 4238 innascitur
750 4199 783 4238 ex
800 4179 894 4237 morbo
912 4177 1002 4254 aliquo
1019 4174 1201 4264 prosaicam
