2776 4876
219 351 255 406 90
1202 349 1272 415 210

219 529 316 573 πινον
337 507 414 588 βίον
437 500 691 590 συμβαλλόμενοι
713 511 784 582 τοῖς
805 507 949 593 θεωροῖς
970 502 1175 591 προξενοῦσα
1217 508 1274 571 καὶ

220 614 323 694 οὑτως
344 615 424 702 ὑμῖν
453 611 537 680 κατὰ
560 609 621 694 τὴν
644 618 768 681 οἰκείαν
795 612 942 682 ἑκάστων
964 612 1058 695 τάξιν
1085 618 1141 680 καὶ
1166 613 1186 695 ἡ
1210 612 1269 681 ἀπ’

219 726 327 794 αὑτῶν
350 723 442 804 δόσις
464 729 588 803 οἰκείως
610 728 815 813 διακέκριται,
846 729 986 811 συγγενῆ
1012 749 1047 791 τε
1070 725 1182 814 εἴληφε
1211 723 1306 808 τὴνί

219 835 301 919 ὅλην
322 834 496 925 ἀπόκρισιν
513 840 592 927 περὶ
616 828 661 904 ὧν
683 844 718 902 ἐν
741 848 813 915 ταῖς
835 839 1041 925 ἐπιφανείαις
1071 834 1179 902 αὑτῶν
1201 844 1272 903 ἰπο-

218 947 371 1030 ζήτησας.
405 953 551 1016 τοσαῦτα
568 944 609 1029 δι)
625 940 684 1015 οὑν
699 947 778 1033 ἡμῖν
793 951 848 1014 καὶ
863 945 1076 1036 περὶτούτων
1091 945 1251 1034 εἰρήσθω.

163 1075 201 1134 10
304 1057 339 1125 Ἅ
362 1059 391 1127 δ’
412 1056 511 1137 αὑτός
533 1059 613 1144 ἡμῖν
634 1063 854 1148 σννιισφίροις
884 1064 928 1136 εἰς
955 1055 1016 1139 τὴν
1043 1062 1118 1145 περὶ
1148 1057 1306 1128 τοότωνθ

219 1168 405 1257 διάγνωσιν,
434 1171 494 1237 ε’ίτι
523 1170 566 1248 ὡς
595 1173 718 1236 οἰκείαν
746 1167 880 1255 γνώμην
909 1167 1180 1261 ἀποφαινόμενος
1210 1170 1272 1236 stre

219 1282 260 1361 ὡς
282 1281 361 1370 παρ’
382 1278 492 1348 όίλλων
510 1279 672 1360 οἰκούσας,
703 1279 761 1346 οὑκ
791 1283 880 1346 ἔστιν
909 1279 1027 1361 ἀληθῆ
1056 1279 1131 1346 οὐδὲ
1157 1279 1274 1368 ὀρθῶς

217 1391 386 1480 λεγόμενα.
426 1397 527 1478 λίνοις
549 1395 608 1477 μὲν
629 1388 694 1479 γὰρ
716 1387 755 1457 τό
769 1394 1035 1475 περιαυτολονεῖν
1053 1395 1110 1457 καὶ
1127 1387 1168 1459 τό
1182 1393 1271 1458 οἰδα·
1290 1403 1306 1453 t

199 1504 355 1574 ’λοποιδν
377 1502 559 1595 φάντασμα
583 1499 769 1593 φαντάζειν,
791 1497 904 1568 κοινόν
919 1498 1000 1568 εἶναι
1016 1506 1113 1579 θεοῖς
1127 1505 1183 1568 καί
1199 1504 1272 1568 δαί·

216 1640 296 1702 μοσι
318 1619 374 1682 καὶ
396 1627 466 1693 τοῖς
488 1618 649 1704 κρείττοσι
677 1619 804 1697 γένεσιν
832 1610 946 1680 όίπασι.
991 1609 1030 1679 τό
1059 1616 1094 1678 δὲ
1123 1611 1183 1679 οὑκ
1204 1616 1273 1679 ἔστι

216 1731 366 1795 τοιοῦτον
396 1726 513 1793 ὁποῖον
536 1720 795 1807 ὑπολαμβάνεις·
826 1726 942 1815 διδαχῇ
963 1729 1023 1810 μὲν
1045 1719 1108 1812 γὰρ
1137 1727 1196 1804 τῆς
1224 1730 1272 1789 οἰ·
1292 1730 1324 1781 1²

216 1843 307 1916 κιίας
323 1837 440 1914 οὑσίας
455 1831 539 1911 θεὸς
553 1837 608 1900 καὶ
631 1828 769 1917 ἄγγελος
783 1837 838 1902 καί
855 1837 982 1920 δαίμων
997 1829 1133 1920 ἀγαθός
1149 1839 1273 1924 χρῆται

216 1945 298 2039 πρὸς
320 1945 520 2035 ἄνθρωπον·
542 1939 720 2035 προσθήκῃ
743 1947 777 2011 δὲ
799 1948 926 2030 μείζονι
947 1952 983 2011 ἰν
1003 1954 1074 2022 τοῖς
1089 1943 1201 2031 λόγοις
1212 1950 1272 2026 τῆς

216 2057 425 2148 ὑπαρχούσης
454 2051 621 2140 δυνάμεως
648 2052 670 2135 ἢ
700 2058 764 2121 τῶν
793 2060 919 2124 οἰκείων
946 2055 1091 2140 ἀγαθῶν
1119 2056 1272 2141 οὐδαμοῖς
1291 2069 1322 2117 to

213 2173 350 2259 χρῆται·
372 2165 394 2250 ἥ
416 2192 450 2234 ra
472 2164 536 2253 γάρ
558 2163 705 2246 ἀλήθεια
728 2164 926 2257 σνννποίρχιι
948 2176 1018 2245 τοῖς
1033 2171 1139 2244 θεοῖς,
1162 2164 1270 2255 ὥσπερ

216 2284 272 2348 καὶ
299 2279 381 2364 ἡλίῳ
408 2273 447 2344 τό
476 2280 548 2367 φῶς
575 2276 647 2343 κατ’
674 2276 792 2344 οὐσίαν
821 2284 1079 2368 σνννφίστηκεν·
1113 2282 1171 2344 καὶ
1199 2275 1271 2364 ἅμα

287 2486 311 2535 1.
340 2476 550 2550 συμβαλλόμεναι
568 2479 621 2543 ΑΟ,
641 2479 828 2549 συμβαλόμεναι
845 2480 878 2532 D.
988 2483 1012 2533 3.
1041 2470 1129 2545 δόσις]
1150 2479 1218 2539 δόξις
1237 2480 1269 2530 Ι).

285 2571 311 2619 4.
337 2565 480 2637 ὑπόκρισιν.
511 2579 568 2633 post
589 2562 726 2635 ὑπόκρισιν
749 2579 799 2617 erat
822 2563 975 2636 ἀπόκρισιν,
998 2567 1040 2617 aed
1065 2567 1175 2617 deletum
1198 2580 1234 2616 est
1256 2585 1270 2616 a

226 2661 228 2665 ’
286 2652 367 2722 prima
384 2670 461 2703 manu
480 2650 512 2700 D.
588 2650 665 2701 5-6.
694 2647 969 2721 εἰρὴσθω-τούτων
987 2649 1037 2703 om.
1056 2652 1091 2714 D,
1109 2666 1133 2703 et
1152 2653 1226 2704 habet
1244 2653 1269 2702 in

286 2756 363 2802 marg.
382 2756 395 2787 a
414 2747 451 2805 p'r.
471 2756 505 2787 m.
524 2742 595 2800 σθω,
612 2730 633 2788 ἃ
651 2730 678 2787 δ’
690 2731 773 2794 αὑτός
790 2732 852 2805 ἡμῖν
865 2740 1008 2807 σννεισφί-
1026 2742 1063 2797 εἰς
1074 2737 1122 2806 τὴν
1134 2736 1195 2809 περὶ
1206 2737 1270 2789 τοὺ-

286 2843 345 2875 των.
433 2823 460 2872 8.
478 2835 534 2890 post
551 2817 672 2880 όκόὑσας
691 2822 714 2871 D
733 2820 802 2873 addit
821 2817 962 2881 οὑκοὺσας.
1054 2825 1134 2877 9.10.
1161 2825 1269 2877 εἰδωλο-

286 2905 378 2972 ποιόν]
397 2905 475 2959 ποιόν
494 2906 548 2958 CD.

215 3095 252 3147 ita
270 3094 342 3149 iuxta
364 3093 501 3169 proprium
526 3090 692 3163 singulorum
715 3089 835 3146 ordinem
859 3092 1064 3147 communicatio
1087 3110 1154 3166 quae
1178 3091 1211 3147 ab
1234 3092 1268 3146 iis

213 3179 246 3233 fit
262 3179 373 3255 proprie
391 3198 405 3232 a
424 3178 503 3233 nobis
521 3176 695 3233 determinata
713 3186 763 3244 est,
782 3179 936 3253 iustumque
954 3179 1047 3232 sortita
1071 3187 1134 3232 sunt
1159 3196 1269 3254 respon-

215 3285 274 3320 sum
292 3284 321 3318 ea
340 3264 428 3318 omnia
446 3262 481 3318 de
499 3261 596 3338 quibus
615 3263 759 3338 quaerebas
777 3264 806 3319 in
818 3261 870 3319 hoo
882 3263 917 3319 do
929 3261 1079 3341 epiphaniis
1092 3282 1185 3318 eoram
1197 3261 1267 3318 loro.

215 3370 296 3428 quare
314 3359 342 3405 et
359 3348 394 3404 de
411 3348 455 3403 his
473 3349 525 3403 ista
544 3347 614 3404 dista
632 3358 720 3404 sunto,

159 3430 196 3490 1⁰
284 3434 341 3492 Sed
361 3454 411 3490 ner
434 3454 464 3490 ea
486 3454 554 3509 quae
577 3432 611 3490 ad
631 3431 697 3490 haee
715 3433 900 3510 distinguenda
924 3434 1002 3490 nobis
1026 3435 1054 3488 in
1072 3432 1187 3489 medium
1206 3452 1269 3498 mox

213 3523 302 3589 affers,
325 3524 384 3579 sire
401 3529 446 3575 tua
464 3521 516 3575 ista
535 3522 572 3575 sit
589 3522 720 3576 sententia
739 3522 797 3576 sire
816 3521 849 3576 ab
867 3520 920 3576 alio
939 3521 1083 3596 acceperis,
1105 3539 1169 3575 rere
1186 3529 1269 3575 reete·

214 3626 266 3682 que
285 3606 415 3662 dicuntur.
465 3607 503 3660 ais
522 3608 600 3674 eninr⁹
622 3626 761 3662 commuue
778 3627 839 3663 esse
857 3605 909 3662 hoe
932 3606 985 3662 diis
1003 3605 1176 3661 daemonibus
1201 3614 1269 3660 eete-

213 3695 305 3767 risque
323 3692 464 3767 generibus
483 3691 648 3761 melioribus,
666 3695 764 3748 iactare
782 3713 812 3748 se
829 3694 945 3749 verbose
957 3702 984 3748 et
995 3692 1180 3769 phantesmata
1191 3711 1226 3746 ex
1238 3704 1282 3745 se·

213 3776 371 3856 producere.
417 3777 466 3833 sed
484 3796 538 3833 non
557 3787 599 3833 est
616 3779 654 3833 ita
673 3777 896 3853 quemadmodum
918 3780 1078 3854 imaginaris.
1125 3777 1200 3844 deus,
1224 3797 1269 3832 an·

214 3862 298 3941 gelus,
317 3861 429 3918 daemon
447 3862 533 3918 bonus
552 3883 612 3919 cnm
631 3873 767 3942 apparent,
791 3884 859 3939 quae
877 3866 914 3920 sit
931 3885 1023 3922 revera
1042 3883 1134 3919 eorum
1152 3864 1269 3919 essentia

214 3949 312 4005 docent
329 3946 460 4016 homines,
483 3969 533 4005 nee
557 3970 672 4026 unquam
690 3960 801 4006 utuntur
823 3970 946 4007 sermone
965 3953 1010 4027 qni
1028 3953 1057 4005 in
1075 3951 1158 4005 maius
1182 3968 1268 4024 aequo

214 4036 308 4092 efferat
319 4031 364 4091 rel
376 4038 520 4095 essentiam
533 4056 624 4092 eorum
636 4035 680 4092 rel
692 4037 917 4095 munificientiam.
963 4035 1186 4112 quemadmodum
1197 4037 1269 4091 enim

213 4120 259 4177 lux
278 4120 331 4177 soli
348 4120 527 4177 essentialiter
545 4124 682 4190 coexistit,
706 4125 745 4178 sie
763 4125 863 4178 veritas
882 4121 934 4178 diis
953 4120 1086 4179 cohaeret.
1130 4121 1211 4177 simul
1228 4133 1269 4178 as·

214 4208 326 4264 serimus
350 4206 429 4265 deum
452 4206 554 4265 nullius
570 4205 784 4284 'pulchritudinis
807 4206 907 4266 nuliius
928 4209 1036 4266 virtutis
1057 4205 1177 4284 indigum
1198 4226 1267 4273 esse,
