<?xml version="1.0" encoding="UTF-8"?>
<!DOCTYPE html PUBLIC "-//W3C//DTD XHTML 1.0 Transitional//EN"
    "http://www.w3.org/TR/xhtml1/DTD/xhtml1-transitional.dtd">
<html xmlns="http://www.w3.org/1999/xhtml" xml:lang="en" lang="en">
 <head>
  <title>
</title>
<meta http-equiv="Content-Type" content="text/html;charset=utf-8" />
  <meta name='ocr-system' content='tesseract 3.04.00' />
  <meta name='ocr-capabilities' content='ocr_page ocr_carea ocr_par ocr_line ocrx_word'/>
</head>
<body>
  <div class='ocr_page' id='page_1' title='image "./jamblichidemyst00jambgoog_0023.png"; bbox 0 0 2776 4876; ppageno 0'>
   <div class='ocr_carea' id='block_1_1' title="bbox 228 349 1020 411">
    <p class='ocr_par' dir='ltr' id='par_1_1' title="bbox 228 349 1020 411">
     <span class='ocr_line' id='line_1_1' title="bbox 228 349 1020 411; baseline 0.006 -5"><span class='ocrx_word' id='word_1_1' title='bbox 228 365 272 406; x_wconf 84' lang='lat' dir='ltr'>xx</span> <span class='ocrx_word' id='word_1_2' title='bbox 484 349 665 408; x_wconf 72' lang='lat' dir='ltr'>praefationes</span> <span class='ocrx_word' id='word_1_3' title='bbox 683 354 816 409; x_wconf 72' lang='lat' dir='ltr'>versionis</span> <span class='ocrx_word' id='word_1_4' title='bbox 835 353 867 410; x_wconf 88' lang='lat' dir='ltr'>N.</span> <span class='ocrx_word' id='word_1_5' title='bbox 887 353 1020 411; x_wconf 88' lang='lat' dir='ltr'>Scutellii.</span> 
     </span>
    </p>
   </div>
   <div class='ocr_carea' id='block_1_2' title="bbox 220 510 1283 3628">
    <p class='ocr_par' dir='ltr' id='par_1_2' title="bbox 220 510 1283 3628">
     <span class='ocr_line' id='line_1_2' title="bbox 228 510 1283 599; baseline 0.004 -22"><span class='ocrx_word' id='word_1_6' title='bbox 228 533 321 577; x_wconf 85' lang='lat' dir='ltr'>versa</span> <span class='ocrx_word' id='word_1_7' title='bbox 351 515 494 595; x_wconf 89' lang='lat' dir='ltr'>quamvis</span> <span class='ocrx_word' id='word_1_8' title='bbox 526 510 787 579; x_wconf 85' lang='lat' dir='ltr'>disiunctissima?</span> <span class='ocrx_word' id='word_1_9' title='bbox 821 516 927 599; x_wconf 84' lang='lat' dir='ltr'><strong>aspice</strong></span> <span class='ocrx_word' id='word_1_10' title='bbox 949 515 1164 580; x_wconf 88' lang='lat' dir='ltr'>Jamblichum</span> <span class='ocrx_word' id='word_1_11' title='bbox 1194 527 1283 582; x_wconf 82' lang='lat' dir='ltr'>extra</span> 
     </span>
     <span class='ocr_line' id='line_1_3' title="bbox 229 622 1282 712; baseline 0.005 -23"><span class='ocrx_word' id='word_1_12' title='bbox 229 628 304 690; x_wconf 88' lang='lat' dir='ltr'>anui</span> <span class='ocrx_word' id='word_1_13' title='bbox 325 622 467 711; x_wconf 88' lang='lat' dir='ltr'>solisque</span> <span class='ocrx_word' id='word_1_14' title='bbox 489 627 557 689; x_wconf 90' lang='lat' dir='ltr'>veri</span> <span class='ocrx_word' id='word_1_15' title='bbox 580 627 647 689; x_wconf 89' lang='lat' dir='ltr'>vias</span> <span class='ocrx_word' id='word_1_16' title='bbox 670 629 819 711; x_wconf 91' lang='lat' dir='ltr'>positum,</span> <span class='ocrx_word' id='word_1_17' title='bbox 841 638 979 692; x_wconf 89' lang='lat' dir='ltr'>attamen</span> <span class='ocrx_word' id='word_1_18' title='bbox 1001 624 1163 712; x_wconf 75' lang='grc' dir='ltr'><em>ἑκηβόλου</em></span> <span class='ocrx_word' id='word_1_19' title='bbox 1185 629 1282 694; x_wconf 88' lang='lat' dir='ltr'>radiis</span> 
     </span>
     <span class='ocr_line' id='line_1_4' title="bbox 229 736 1282 826; baseline 0.001 -23"><span class='ocrx_word' id='word_1_20' title='bbox 229 747 354 816; x_wconf 89' lang='lat' dir='ltr'>tactum,</span> <span class='ocrx_word' id='word_1_21' title='bbox 378 759 472 821; x_wconf 94' lang='lat' dir='ltr'>quam</span> <span class='ocrx_word' id='word_1_22' title='bbox 494 736 594 801; x_wconf 88' lang='lat' dir='ltr'>multa</span> <span class='ocrx_word' id='word_1_23' title='bbox 617 736 728 803; x_wconf 90' lang='lat' dir='ltr'>divino</span> <span class='ocrx_word' id='word_1_24' title='bbox 751 740 984 826; x_wconf 87' lang='lat' dir='ltr'>propemodum</span> <span class='ocrx_word' id='word_1_25' title='bbox 1008 761 1066 805; x_wconf 92' lang='lat' dir='ltr'>ore</span> <span class='ocrx_word' id='word_1_26' title='bbox 1089 743 1241 805; x_wconf 82' lang='lat' dir='ltr'>cecinerit</span> <span class='ocrx_word' id='word_1_27' title='bbox 1264 762 1282 804; x_wconf 93' lang='lat' dir='ltr'>a</span> 
     </span>
     <span class='ocr_line' id='line_1_5' title="bbox 228 848 1282 938; baseline 0.003 -24"><span class='ocrx_word' id='word_1_28' title='bbox 228 871 329 935; x_wconf 90' lang='lat' dir='ltr'>scopo</span> <span class='ocrx_word' id='word_1_29' title='bbox 351 870 418 913; x_wconf 91' lang='lat' dir='ltr'>non</span> <span class='ocrx_word' id='word_1_30' title='bbox 440 848 566 933; x_wconf 91' lang='lat' dir='ltr'>procul.</span> <span class='ocrx_word' id='word_1_31' title='bbox 611 849 686 914; x_wconf 90' lang='lat' dir='ltr'>vide</span> <span class='ocrx_word' id='word_1_32' title='bbox 715 873 809 936; x_wconf 92' lang='lat' dir='ltr'>quam</span> <span class='ocrx_word' id='word_1_33' title='bbox 837 852 1034 938; x_wconf 87' lang='lat' dir='ltr'>praeclaram</span> <span class='ocrx_word' id='word_1_34' title='bbox 1063 874 1081 916; x_wconf 92' lang='lat' dir='ltr'>a</span> <span class='ocrx_word' id='word_1_35' title='bbox 1104 852 1182 918; x_wconf 91' lang='lat' dir='ltr'>Nilo</span> <span class='ocrx_word' id='word_1_36' title='bbox 1212 875 1282 917; x_wconf 90' lang='lat' dir='ltr'>aca-</span> 
     </span>
     <span class='ocr_line' id='line_1_6' title="bbox 229 960 1282 1053; baseline 0.002 -26"><span class='ocrx_word' id='word_1_37' title='bbox 229 963 363 1028; x_wconf 92' lang='lat' dir='ltr'>demiam</span> <span class='ocrx_word' id='word_1_38' title='bbox 388 961 565 1026; x_wconf 80' lang='lat' dir='ltr'>Abammou</span> <span class='ocrx_word' id='word_1_39' title='bbox 589 960 705 1027; x_wconf 89' lang='lat' dir='ltr'>doctor</span> <span class='ocrx_word' id='word_1_40' title='bbox 727 966 881 1042; x_wconf 90' lang='lat' dir='ltr'>instituat,</span> <span class='ocrx_word' id='word_1_41' title='bbox 909 987 1002 1048; x_wconf 91' lang='lat' dir='ltr'>quam</span> <span class='ocrx_word' id='word_1_42' title='bbox 1026 967 1156 1053; x_wconf 89' lang='lat' dir='ltr'>egregie</span> <span class='ocrx_word' id='word_1_43' title='bbox 1179 987 1282 1029; x_wconf 88' lang='lat' dir='ltr'>sacer-</span> 
     </span>
     <span class='ocr_line' id='line_1_7' title="bbox 229 1074 1281 1163; baseline -0.001 -23"><span class='ocrx_word' id='word_1_44' title='bbox 229 1075 324 1142; x_wconf 82' lang='lat' dir='ltr'>dotes</span> <span class='ocrx_word' id='word_1_45' title='bbox 339 1074 497 1152; x_wconf 88' lang='lat' dir='ltr'>iuformet,</span> <span class='ocrx_word' id='word_1_46' title='bbox 515 1096 584 1137; x_wconf 93' lang='lat' dir='ltr'>cum</span> <span class='ocrx_word' id='word_1_47' title='bbox 600 1096 685 1152; x_wconf 92' lang='lat' dir='ltr'>suos,</span> <span class='ocrx_word' id='word_1_48' title='bbox 702 1086 768 1140; x_wconf 92' lang='lat' dir='ltr'>tum</span> <span class='ocrx_word' id='word_1_49' title='bbox 785 1075 899 1140; x_wconf 90' lang='lat' dir='ltr'>eodem</span> <span class='ocrx_word' id='word_1_50' title='bbox 916 1077 1062 1163; x_wconf 81' lang='lat' dir='ltr'>exemplo</span> <span class='ocrx_word' id='word_1_51' title='bbox 1079 1076 1281 1143; x_wconf 84' lang='lat' dir='ltr'>Christianos</span> 
     </span>
     <span class='ocr_line' id='line_1_8' title="bbox 228 1185 1282 1277; baseline -0.003 -23"><span class='ocrx_word' id='word_1_52' title='bbox 228 1211 326 1277; x_wconf 89' lang='lat' dir='ltr'>supra</span> <span class='ocrx_word' id='word_1_53' title='bbox 349 1207 443 1251; x_wconf 89' lang='lat' dir='ltr'>omne</span> <span class='ocrx_word' id='word_1_54' title='bbox 466 1185 585 1274; x_wconf 91' lang='lat' dir='ltr'>vulgus</span> <span class='ocrx_word' id='word_1_55' title='bbox 609 1189 756 1265; x_wconf 90' lang='lat' dir='ltr'>eminere,</span> <span class='ocrx_word' id='word_1_56' title='bbox 780 1187 920 1252; x_wconf 85' lang='lat' dir='ltr'>candore</span> <span class='ocrx_word' id='word_1_57' title='bbox 942 1193 1029 1253; x_wconf 88' lang='lat' dir='ltr'>vitae</span> <span class='ocrx_word' id='word_1_58' title='bbox 1044 1188 1207 1277; x_wconf 84' lang='lat' dir='ltr'>singulari,</span> <span class='ocrx_word' id='word_1_59' title='bbox 1231 1210 1282 1252; x_wconf 83' lang='lat' dir='ltr'>ex-</span> 
     </span>
     <span class='ocr_line' id='line_1_9' title="bbox 229 1298 1281 1387; baseline -0.002 -21"><span class='ocrx_word' id='word_1_60' title='bbox 229 1300 359 1366; x_wconf 87' lang='lat' dir='ltr'>cellenti</span> <span class='ocrx_word' id='word_1_61' title='bbox 375 1300 515 1376; x_wconf 90' lang='lat' dir='ltr'>scientia,</span> <span class='ocrx_word' id='word_1_62' title='bbox 538 1298 745 1363; x_wconf 86' lang='lat' dir='ltr'>humanarum</span> <span class='ocrx_word' id='word_1_63' title='bbox 761 1322 868 1364; x_wconf 85' lang='lat' dir='ltr'>rerum</span> <span class='ocrx_word' id='word_1_64' title='bbox 884 1310 1079 1387; x_wconf 91' lang='lat' dir='ltr'>contemptu,</span> <span class='ocrx_word' id='word_1_65' title='bbox 1102 1301 1281 1366; x_wconf 90' lang='lat' dir='ltr'>divinarum</span> 
     </span>
     <span class='ocr_line' id='line_1_10' title="bbox 228 1412 1281 1499; baseline -0.001 -22"><span class='ocrx_word' id='word_1_66' title='bbox 228 1412 319 1477; x_wconf 88' lang='lat' dir='ltr'>cultu</span> <span class='ocrx_word' id='word_1_67' title='bbox 340 1414 558 1499; x_wconf 89' lang='lat' dir='ltr'>integerrimo,</span> <span class='ocrx_word' id='word_1_68' title='bbox 582 1414 757 1477; x_wconf 89' lang='lat' dir='ltr'>castissimo</span> <span class='ocrx_word' id='word_1_69' title='bbox 780 1421 921 1497; x_wconf 89' lang='lat' dir='ltr'>pectore,</span> <span class='ocrx_word' id='word_1_70' title='bbox 951 1413 1089 1499; x_wconf 91' lang='lat' dir='ltr'>denique</span> <span class='ocrx_word' id='word_1_71' title='bbox 1112 1422 1146 1476; x_wconf 89' lang='lat' dir='ltr'>et</span> <span class='ocrx_word' id='word_1_72' title='bbox 1167 1414 1281 1477; x_wconf 90' lang='lat' dir='ltr'>autho·</span> 
     </span>
     <span class='ocr_line' id='line_1_11' title="bbox 228 1524 1280 1609; baseline 0.001 -20"><span class='ocrx_word' id='word_1_73' title='bbox 228 1528 322 1589; x_wconf 89' lang='lat' dir='ltr'>ritate</span> <span class='ocrx_word' id='word_1_74' title='bbox 352 1532 384 1587; x_wconf 90' lang='lat' dir='ltr'>et</span> <span class='ocrx_word' id='word_1_75' title='bbox 411 1525 512 1609; x_wconf 79' lang='lat' dir='ltr'>gratia</span> <span class='ocrx_word' id='word_1_76' title='bbox 540 1544 640 1606; x_wconf 90' lang='lat' dir='ltr'>penes</span> <span class='ocrx_word' id='word_1_77' title='bbox 669 1545 805 1608; x_wconf 87' lang='lat' dir='ltr'>superos</span> <span class='ocrx_word' id='word_1_78' title='bbox 839 1526 984 1590; x_wconf 89' lang='lat' dir='ltr'>homines</span> <span class='ocrx_word' id='word_1_79' title='bbox 1019 1533 1114 1609; x_wconf 88' lang='lat' dir='ltr'>atque</span> <span class='ocrx_word' id='word_1_80' title='bbox 1148 1524 1280 1590; x_wconf 86' lang='lat' dir='ltr'>inferos.</span> 
     </span>
     <span class='ocr_line' id='line_1_12' title="bbox 226 1635 1281 1722; baseline -0.001 -21"><span class='ocrx_word' id='word_1_81' title='bbox 226 1658 357 1712; x_wconf 89' lang='lat' dir='ltr'>summa,</span> <span class='ocrx_word' id='word_1_82' title='bbox 379 1656 552 1722; x_wconf 89' lang='lat' dir='ltr'>permagna</span> <span class='ocrx_word' id='word_1_83' title='bbox 574 1635 647 1699; x_wconf 88' lang='lat' dir='ltr'>hinc</span> <span class='ocrx_word' id='word_1_84' title='bbox 668 1635 817 1719; x_wconf 90' lang='lat' dir='ltr'>profecto</span> <span class='ocrx_word' id='word_1_85' title='bbox 834 1638 973 1700; x_wconf 87' lang='lat' dir='ltr'>existunt</span> <span class='ocrx_word' id='word_1_86' title='bbox 988 1635 1207 1702; x_wconf 88' lang='lat' dir='ltr'>sacerdotibus</span> <span class='ocrx_word' id='word_1_87' title='bbox 1226 1640 1281 1702; x_wconf 93' lang='lat' dir='ltr'>tri-</span> 
     </span>
     <span class='ocr_line' id='line_1_13' title="bbox 226 1745 1280 1835; baseline -0.002 -20"><span class='ocrx_word' id='word_1_88' title='bbox 226 1750 307 1815; x_wconf 87' lang='lat' dir='ltr'>buta</span> <span class='ocrx_word' id='word_1_89' title='bbox 321 1769 463 1812; x_wconf 88' lang='lat' dir='ltr'>munera.</span> <span class='ocrx_word' id='word_1_90' title='bbox 500 1746 580 1810; x_wconf 92' lang='lat' dir='ltr'>illud</span> <span class='ocrx_word' id='word_1_91' title='bbox 596 1749 751 1824; x_wconf 83' lang='lat' dir='ltr'>eximium,</span> <span class='ocrx_word' id='word_1_92' title='bbox 775 1745 937 1811; x_wconf 83' lang='lat' dir='ltr'>devincire</span> <span class='ocrx_word' id='word_1_93' title='bbox 953 1747 1122 1835; x_wconf 86' lang='lat' dir='ltr'>religando</span> <span class='ocrx_word' id='word_1_94' title='bbox 1139 1759 1203 1828; x_wconf 87' lang='lat' dir='ltr'>tua,</span> <span class='ocrx_word' id='word_1_95' title='bbox 1225 1749 1280 1814; x_wconf 93' lang='lat' dir='ltr'>be-</span> 
     </span>
     <span class='ocr_line' id='line_1_14' title="bbox 227 1857 1280 1960; baseline -0.001 -34"><span class='ocrx_word' id='word_1_96' title='bbox 227 1863 412 1951; x_wconf 86' lang='lat' dir='ltr'>nignissime</span> <span class='ocrx_word' id='word_1_97' title='bbox 433 1857 569 1960; x_wconf 76' lang='lat' dir='ltr'>praesui,</span> <span class='ocrx_word' id='word_1_98' title='bbox 592 1861 716 1922; x_wconf 89' lang='lat' dir='ltr'>unitate</span> <span class='ocrx_word' id='word_1_99' title='bbox 739 1869 842 1922; x_wconf 91' lang='lat' dir='ltr'>totum</span> <span class='ocrx_word' id='word_1_100' title='bbox 865 1858 1038 1924; x_wconf 88' lang='lat' dir='ltr'>divinitatis</span> <span class='ocrx_word' id='word_1_101' title='bbox 1054 1881 1174 1926; x_wconf 89' lang='lat' dir='ltr'>eorum.</span> <span class='ocrx_word' id='word_1_102' title='bbox 1213 1863 1280 1948; x_wconf 91' lang='lat' dir='ltr'>qui-</span> 
     </span>
     <span class='ocr_line' id='line_1_15' title="bbox 226 1969 1279 2057; baseline -0.002 -17"><span class='ocrx_word' id='word_1_103' title='bbox 226 1975 302 2053; x_wconf 91' lang='lat' dir='ltr'>hus,</span> <span class='ocrx_word' id='word_1_104' title='bbox 331 1976 471 2057; x_wconf 84' lang='lat' dir='ltr'>inquies,</span> <span class='ocrx_word' id='word_1_105' title='bbox 499 1970 656 2034; x_wconf 85' lang='lat' dir='ltr'>vinculis?</span> <span class='ocrx_word' id='word_1_106' title='bbox 690 1969 765 2034; x_wconf 88' lang='lat' dir='ltr'>audi</span> <span class='ocrx_word' id='word_1_107' title='bbox 793 1969 944 2035; x_wconf 87' lang='lat' dir='ltr'>mirificos</span> <span class='ocrx_word' id='word_1_108' title='bbox 973 1970 1088 2056; x_wconf 88' lang='lat' dir='ltr'>nodos.</span> <span class='ocrx_word' id='word_1_109' title='bbox 1133 1976 1279 2037; x_wconf 91' lang='lat' dir='ltr'>nimirum</span> 
     </span>
     <span class='ocr_line' id='line_1_16' title="bbox 227 2083 1279 2162; baseline -0.003 -9"><span class='ocrx_word' id='word_1_110' title='bbox 227 2087 443 2152; x_wconf 84' lang='lat' dir='ltr'>sacratissimis</span> <span class='ocrx_word' id='word_1_111' title='bbox 459 2085 605 2161; x_wconf 88' lang='lat' dir='ltr'>numeris,</span> <span class='ocrx_word' id='word_1_112' title='bbox 627 2083 766 2146; x_wconf 88' lang='lat' dir='ltr'>heroicis</span> <span class='ocrx_word' id='word_1_113' title='bbox 781 2083 959 2162; x_wconf 73' lang='lat' dir='ltr'>virtutibus</span> <span class='ocrx_word' id='word_1_114' title='bbox 982 2085 1216 2150; x_wconf 84' lang='lat' dir='ltr'>characteribus</span> <span class='ocrx_word' id='word_1_115' title='bbox 1232 2089 1279 2149; x_wconf 90' lang='lat' dir='ltr'>in-</span> 
     </span>
     <span class='ocr_line' id='line_1_17' title="bbox 226 2194 1277 2286; baseline -0.001 -23"><span class='ocrx_word' id='word_1_116' title='bbox 226 2196 482 2286; x_wconf 81' lang='lat' dir='ltr'>explicabilibus,</span> <span class='ocrx_word' id='word_1_117' title='bbox 512 2194 764 2282; x_wconf 89' lang='lat' dir='ltr'>synthematibus</span> <span class='ocrx_word' id='word_1_118' title='bbox 793 2204 926 2278; x_wconf 86' lang='lat' dir='ltr'>stupore</span> <span class='ocrx_word' id='word_1_119' title='bbox 948 2217 986 2259; x_wconf 91' lang='lat' dir='ltr'>ac</span> <span class='ocrx_word' id='word_1_120' title='bbox 1014 2194 1143 2261; x_wconf 89' lang='lat' dir='ltr'>silentio</span> <span class='ocrx_word' id='word_1_121' title='bbox 1167 2197 1277 2285; x_wconf 81' lang='lat' dir='ltr'>dignis,</span> 
     </span>
     <span class='ocr_line' id='line_1_18' title="bbox 226 2306 1277 2395; baseline -0.004 -18"><span class='ocrx_word' id='word_1_122' title='bbox 226 2312 408 2377; x_wconf 88' lang='lat' dir='ltr'>beatissimo</span> <span class='ocrx_word' id='word_1_123' title='bbox 437 2309 604 2384; x_wconf 89' lang='lat' dir='ltr'>vaticinio,</span> <span class='ocrx_word' id='word_1_124' title='bbox 628 2306 702 2391; x_wconf 91' lang='lat' dir='ltr'>plus</span> <span class='ocrx_word' id='word_1_125' title='bbox 733 2328 827 2389; x_wconf 88' lang='lat' dir='ltr'>quam</span> <span class='ocrx_word' id='word_1_126' title='bbox 856 2308 1079 2395; x_wconf 82' lang='lat' dir='ltr'>pythagoricis</span> <span class='ocrx_word' id='word_1_127' title='bbox 1110 2309 1277 2395; x_wconf 84' lang='lat' dir='ltr'>symbolis,</span> 
     </span>
     <span class='ocr_line' id='line_1_19' title="bbox 225 2417 1277 2505; baseline -0.003 -16"><span class='ocrx_word' id='word_1_128' title='bbox 225 2423 435 2489; x_wconf 89' lang='lat' dir='ltr'>sacrosanctis</span> <span class='ocrx_word' id='word_1_129' title='bbox 458 2417 651 2495; x_wconf 90' lang='lat' dir='ltr'>nominihus,</span> <span class='ocrx_word' id='word_1_130' title='bbox 672 2417 738 2481; x_wconf 88' lang='lat' dir='ltr'>fide</span> <span class='ocrx_word' id='word_1_131' title='bbox 754 2420 877 2482; x_wconf 91' lang='lat' dir='ltr'>sincera</span> <span class='ocrx_word' id='word_1_132' title='bbox 891 2420 1103 2505; x_wconf 90' lang='lat' dir='ltr'>precularum,</span> <span class='ocrx_word' id='word_1_133' title='bbox 1126 2432 1277 2486; x_wconf 91' lang='lat' dir='ltr'>votorum</span> 
     </span>
     <span class='ocr_line' id='line_1_20' title="bbox 224 2531 1276 2616; baseline -0.001 -17"><span class='ocrx_word' id='word_1_134' title='bbox 224 2535 421 2599; x_wconf 87' lang='lat' dir='ltr'>vivacissima</span> <span class='ocrx_word' id='word_1_135' title='bbox 451 2552 522 2615; x_wconf 91' lang='lat' dir='ltr'>spe,</span> <span class='ocrx_word' id='word_1_136' title='bbox 552 2533 668 2593; x_wconf 88' lang='lat' dir='ltr'>amoris</span> <span class='ocrx_word' id='word_1_137' title='bbox 696 2533 769 2614; x_wconf 83' lang='lat' dir='ltr'>igue</span> <span class='ocrx_word' id='word_1_138' title='bbox 793 2531 1049 2616; x_wconf 80' lang='lat' dir='ltr'>fragrantissimis</span> <span class='ocrx_word' id='word_1_139' title='bbox 1072 2531 1276 2614; x_wconf 81' lang='lat' dir='ltr'>holocaustis.</span> 
     </span>
     <span class='ocr_line' id='line_1_21' title="bbox 224 2634 1276 2729; baseline -0.003 -19"><span class='ocrx_word' id='word_1_140' title='bbox 224 2649 307 2710; x_wconf 90' lang='lat' dir='ltr'>istuc</span> <span class='ocrx_word' id='word_1_141' title='bbox 328 2664 461 2729; x_wconf 89' lang='lat' dir='ltr'>prorsus</span> <span class='ocrx_word' id='word_1_142' title='bbox 484 2662 601 2705; x_wconf 88' lang='lat' dir='ltr'>censeo</span> <span class='ocrx_word' id='word_1_143' title='bbox 624 2650 754 2705; x_wconf 89' lang='lat' dir='ltr'>nectere</span> <span class='ocrx_word' id='word_1_144' title='bbox 777 2643 939 2726; x_wconf 89' lang='lat' dir='ltr'>spiritalia.</span> <span class='ocrx_word' id='word_1_145' title='bbox 985 2643 1073 2729; x_wconf 87' lang='lat' dir='ltr'>quod</span> <span class='ocrx_word' id='word_1_146' title='bbox 1096 2634 1276 2709; x_wconf 85' lang='lat' dir='ltr'>Chaldaeo-</span> 
     </span>
     <span class='ocr_line' id='line_1_22' title="bbox 224 2740 1275 2840; baseline -0.003 -18"><span class='ocrx_word' id='word_1_147' title='bbox 224 2779 295 2822; x_wconf 86' lang='lat' dir='ltr'>rum</span> <span class='ocrx_word' id='word_1_148' title='bbox 318 2740 538 2840; x_wconf 82' lang='lat' dir='ltr'>sapientissimi</span> <span class='ocrx_word' id='word_1_149' title='bbox 560 2753 733 2817; x_wconf 89' lang='lat' dir='ltr'>vendicant</span> <span class='ocrx_word' id='word_1_150' title='bbox 753 2764 877 2840; x_wconf 85' lang='lat' dir='ltr'>mystae</span> <span class='ocrx_word' id='word_1_151' title='bbox 893 2758 1091 2819; x_wconf 86' lang='lat' dir='ltr'>sanctissimo</span> <span class='ocrx_word' id='word_1_152' title='bbox 1108 2754 1275 2840; x_wconf 85' lang='lat' dir='ltr'>eidemque</span> 
     </span>
     <span class='ocr_line' id='line_1_23' title="bbox 224 2865 1274 2956; baseline -0.001 -23"><span class='ocrx_word' id='word_1_153' title='bbox 224 2869 446 2954; x_wconf 88' lang='lat' dir='ltr'>potentissimo</span> <span class='ocrx_word' id='word_1_154' title='bbox 469 2865 630 2943; x_wconf 89' lang='lat' dir='ltr'>Michaeli,</span> <span class='ocrx_word' id='word_1_155' title='bbox 660 2875 816 2952; x_wconf 82' lang='lat' dir='ltr'>negantes</span> <span class='ocrx_word' id='word_1_156' title='bbox 843 2871 976 2932; x_wconf 92' lang='lat' dir='ltr'>omuino</span> <span class='ocrx_word' id='word_1_157' title='bbox 999 2867 1173 2956; x_wconf 88' lang='lat' dir='ltr'>legitimum</span> <span class='ocrx_word' id='word_1_158' title='bbox 1204 2890 1274 2932; x_wconf 89' lang='lat' dir='ltr'>esse</span> 
     </span>
     <span class='ocr_line' id='line_1_24' title="bbox 223 2976 1274 3065; baseline -0.001 -21"><span class='ocrx_word' id='word_1_159' title='bbox 223 2982 368 3065; x_wconf 92' lang='lat' dir='ltr'>quisquis</span> <span class='ocrx_word' id='word_1_160' title='bbox 395 2977 496 3064; x_wconf 88' lang='lat' dir='ltr'>ligare</span> <span class='ocrx_word' id='word_1_161' title='bbox 525 2979 646 3041; x_wconf 90' lang='lat' dir='ltr'>nesciat</span> <span class='ocrx_word' id='word_1_162' title='bbox 673 2976 885 3042; x_wconf 84' lang='lat' dir='ltr'>sacerdotem·</span> <span class='ocrx_word' id='word_1_163' title='bbox 932 2980 1038 3044; x_wconf 90' lang='lat' dir='ltr'>nodos</span> <span class='ocrx_word' id='word_1_164' title='bbox 1066 3000 1145 3043; x_wconf 86' lang='lat' dir='ltr'>vero</span> <span class='ocrx_word' id='word_1_165' title='bbox 1175 2979 1274 3065; x_wconf 90' lang='lat' dir='ltr'>paulo</span> 
     </span>
     <span class='ocr_line' id='line_1_25' title="bbox 224 3087 1275 3180; baseline -0.001 -23"><span class='ocrx_word' id='word_1_166' title='bbox 224 3102 298 3156; x_wconf 88' lang='lat' dir='ltr'>aute</span> <span class='ocrx_word' id='word_1_167' title='bbox 327 3089 486 3154; x_wconf 90' lang='lat' dir='ltr'>delibatos</span> <span class='ocrx_word' id='word_1_168' title='bbox 508 3087 631 3166; x_wconf 85' lang='lat' dir='ltr'>decem,</span> <span class='ocrx_word' id='word_1_169' title='bbox 661 3088 805 3177; x_wconf 88' lang='lat' dir='ltr'>intellige</span> <span class='ocrx_word' id='word_1_170' title='bbox 834 3111 900 3154; x_wconf 91' lang='lat' dir='ltr'>nou</span> <span class='ocrx_word' id='word_1_171' title='bbox 922 3093 1010 3155; x_wconf 89' lang='lat' dir='ltr'>inani</span> <span class='ocrx_word' id='word_1_172' title='bbox 1031 3112 1197 3180; x_wconf 85' lang='lat' dir='ltr'>magorum</span> <span class='ocrx_word' id='word_1_173' title='bbox 1223 3113 1275 3156; x_wconf 90' lang='lat' dir='ltr'>so-</span> 
     </span>
     <span class='ocr_line' id='line_1_26' title="bbox 222 3201 1272 3290; baseline -0.003 -21"><span class='ocrx_word' id='word_1_174' title='bbox 222 3207 325 3280; x_wconf 90' lang='lat' dir='ltr'>mnio,</span> <span class='ocrx_word' id='word_1_175' title='bbox 362 3210 414 3265; x_wconf 91' lang='lat' dir='ltr'>ast</span> <span class='ocrx_word' id='word_1_176' title='bbox 448 3201 555 3264; x_wconf 89' lang='lat' dir='ltr'>sobria</span> <span class='ocrx_word' id='word_1_177' title='bbox 589 3211 621 3264; x_wconf 91' lang='lat' dir='ltr'>et</span> <span class='ocrx_word' id='word_1_178' title='bbox 654 3204 815 3265; x_wconf 90' lang='lat' dir='ltr'>verissima</span> <span class='ocrx_word' id='word_1_179' title='bbox 849 3201 901 3266; x_wconf 90' lang='lat' dir='ltr'>dei</span> <span class='ocrx_word' id='word_1_180' title='bbox 933 3205 1070 3268; x_wconf 87' lang='lat' dir='ltr'>viventis</span> <span class='ocrx_word' id='word_1_181' title='bbox 1104 3202 1272 3290; x_wconf 87' lang='lat' dir='ltr'>religione.</span> 
     </span>
     <span class='ocr_line' id='line_1_27' title="bbox 220 3312 1272 3404; baseline -0.001 -23"><span class='ocrx_word' id='word_1_182' title='bbox 220 3318 348 3404; x_wconf 91' lang='lat' dir='ltr'>quoties</span> <span class='ocrx_word' id='word_1_183' title='bbox 369 3316 453 3378; x_wconf 89' lang='lat' dir='ltr'>euim</span> <span class='ocrx_word' id='word_1_184' title='bbox 476 3313 675 3377; x_wconf 88' lang='lat' dir='ltr'>ethnicorum</span> <span class='ocrx_word' id='word_1_185' title='bbox 697 3312 875 3377; x_wconf 88' lang='lat' dir='ltr'>lectitamus</span> <span class='ocrx_word' id='word_1_186' title='bbox 897 3312 1007 3392; x_wconf 90' lang='lat' dir='ltr'>libros,</span> <span class='ocrx_word' id='word_1_187' title='bbox 1030 3318 1057 3378; x_wconf 91' lang='lat' dir='ltr'>si</span> <span class='ocrx_word' id='word_1_188' title='bbox 1080 3318 1190 3400; x_wconf 87' lang='lat' dir='ltr'>quain</span> <span class='ocrx_word' id='word_1_189' title='bbox 1206 3339 1272 3380; x_wconf 90' lang='lat' dir='ltr'>rem</span> 
     </span>
     <span class='ocr_line' id='line_1_28' title="bbox 221 3422 1273 3513; baseline -0.002 -19"><span class='ocrx_word' id='word_1_190' title='bbox 221 3439 363 3493; x_wconf 89' lang='lat' dir='ltr'>nostram</span> <span class='ocrx_word' id='word_1_191' title='bbox 385 3427 586 3503; x_wconf 82' lang='lat' dir='ltr'>conveniant,</span> <span class='ocrx_word' id='word_1_192' title='bbox 609 3424 655 3488; x_wconf 93' lang='lat' dir='ltr'>illi</span> <span class='ocrx_word' id='word_1_193' title='bbox 678 3425 817 3490; x_wconf 89' lang='lat' dir='ltr'>arbitror</span> <span class='ocrx_word' id='word_1_194' title='bbox 832 3424 948 3513; x_wconf 88' lang='lat' dir='ltr'>adagio</span> <span class='ocrx_word' id='word_1_195' title='bbox 966 3427 1169 3491; x_wconf 88' lang='lat' dir='ltr'>serviendum</span> <span class='ocrx_word' id='word_1_196' title='bbox 1190 3422 1273 3512; x_wconf 82' lang='grc' dir='ltr'><em>πρὸς</em></span> 
     </span>
     <span class='ocr_line' id='line_1_29' title="bbox 222 3529 1273 3628; baseline -0.001 -24"><span class='ocrx_word' id='word_1_197' title='bbox 222 3535 360 3628; x_wconf 74' lang='grc' dir='ltr'><em>στάθμῃ</em></span> <span class='ocrx_word' id='word_1_198' title='bbox 379 3542 499 3621; x_wconf 79' lang='grc' dir='ltr'><strong><em>πέτρον</em></strong></span> <span class='ocrx_word' id='word_1_199' title='bbox 521 3532 600 3620; x_wconf 83' lang='grc' dir='ltr'><em>μήτι</em></span> <span class='ocrx_word' id='word_1_200' title='bbox 620 3529 704 3623; x_wconf 81' lang='grc' dir='ltr'><strong><em>πρὸς</em></strong></span> <span class='ocrx_word' id='word_1_201' title='bbox 724 3540 831 3620; x_wconf 80' lang='grc' dir='ltr'><strong><em>πέτρῳ</em></strong></span> <span class='ocrx_word' id='word_1_202' title='bbox 854 3533 1028 3620; x_wconf 74' lang='grc' dir='ltr'><em>στάθμην,</em></span> <span class='ocrx_word' id='word_1_203' title='bbox 1057 3547 1093 3602; x_wconf 93' lang='lat' dir='ltr'>ut</span> <span class='ocrx_word' id='word_1_204' title='bbox 1122 3539 1273 3624; x_wconf 91' lang='lat' dir='ltr'>quicquid</span> 
     </span>
    </p>
   </div>
   <div class='ocr_carea' id='block_1_3' title="bbox 221 3649 1377 3736">
    <p class='ocr_par' dir='ltr' id='par_1_3' title="bbox 221 3649 1377 3736">
     <span class='ocr_line' id='line_1_30' title="bbox 221 3649 1377 3736; baseline 0 -23"><span class='ocrx_word' id='word_1_205' title='bbox 221 3652 344 3714; x_wconf 82' lang='lat' dir='ltr'>externi</span> <span class='ocrx_word' id='word_1_206' title='bbox 371 3651 588 3734; x_wconf 90' lang='lat' dir='ltr'>prompserint</span> <span class='ocrx_word' id='word_1_207' title='bbox 616 3669 683 3712; x_wconf 90' lang='lat' dir='ltr'>nou</span> <span class='ocrx_word' id='word_1_208' title='bbox 706 3649 831 3732; x_wconf 84' lang='lat' dir='ltr'>inepte,</span> <span class='ocrx_word' id='word_1_209' title='bbox 861 3649 1032 3736; x_wconf 83' lang='lat' dir='ltr'>theologus</span> <span class='ocrx_word' id='word_1_210' title='bbox 1061 3649 1209 3716; x_wconf 90' lang='lat' dir='ltr'>meliores</span> <span class='ocrx_word' id='word_1_211' title='bbox 1238 3654 1271 3715; x_wconf 91' lang='lat' dir='ltr'>in</span> <span class='ocrx_word' id='word_1_212' title='bbox 1375 3709 1377 3713; x_wconf 81' lang='grc'>,</span> 
     </span>
    </p>
   </div>
   <div class='ocr_carea' id='block_1_4' title="bbox 219 3759 1270 3959">
    <p class='ocr_par' dir='ltr' id='par_1_4' title="bbox 219 3759 1270 3959">
     <span class='ocr_line' id='line_1_31' title="bbox 221 3759 1270 3846; baseline 0 -19"><span class='ocrx_word' id='word_1_213' title='bbox 221 3782 299 3827; x_wconf 91' lang='lat' dir='ltr'>usus</span> <span class='ocrx_word' id='word_1_214' title='bbox 321 3764 410 3846; x_wconf 85' lang='lat' dir='ltr'>quasi</span> <span class='ocrx_word' id='word_1_215' title='bbox 425 3764 458 3824; x_wconf 91' lang='lat' dir='ltr'>in</span> <span class='ocrx_word' id='word_1_216' title='bbox 474 3762 688 3825; x_wconf 89' lang='lat' dir='ltr'>sanctuarium</span> <span class='ocrx_word' id='word_1_217' title='bbox 703 3759 829 3824; x_wconf 88' lang='lat' dir='ltr'>referat.</span> <span class='ocrx_word' id='word_1_218' title='bbox 876 3761 916 3826; x_wconf 89' lang='lat' dir='ltr'>ad</span> <span class='ocrx_word' id='word_1_219' title='bbox 931 3762 1143 3828; x_wconf 85' lang='lat' dir='ltr'>Jamhlichum</span> <span class='ocrx_word' id='word_1_220' title='bbox 1161 3762 1270 3827; x_wconf 86' lang='lat' dir='ltr'>redeo.</span> 
     </span>
     <span class='ocr_line' id='line_1_32' title="bbox 219 3870 1270 3959; baseline 0.001 -21"><span class='ocrx_word' id='word_1_221' title='bbox 219 3894 295 3938; x_wconf 92' lang='lat' dir='ltr'>num</span> <span class='ocrx_word' id='word_1_222' title='bbox 322 3874 400 3934; x_wconf 87' lang='lat' dir='ltr'>meis</span> <span class='ocrx_word' id='word_1_223' title='bbox 427 3884 502 3957; x_wconf 88' lang='lat' dir='ltr'>eget</span> <span class='ocrx_word' id='word_1_224' title='bbox 536 3870 685 3936; x_wconf 92' lang='lat' dir='ltr'>laudibus</span> <span class='ocrx_word' id='word_1_225' title='bbox 713 3871 925 3958; x_wconf 90' lang='lat' dir='ltr'>undecunque</span> <span class='ocrx_word' id='word_1_226' title='bbox 954 3873 1040 3959; x_wconf 88' lang='lat' dir='ltr'>apud</span> <span class='ocrx_word' id='word_1_227' title='bbox 1070 3873 1270 3940; x_wconf 90' lang='lat' dir='ltr'>doctissimos</span> 
     </span>
    </p>
   </div>
   <div class='ocr_carea' id='block_1_5' title="bbox 107 3981 1270 4184">
    <p class='ocr_par' dir='ltr' id='par_1_5' title="bbox 77 3981 1270 4184">
     <span class='ocr_line' id='line_1_33' title="bbox 218 3981 1270 4070; baseline 0.002 -19.764"><span class='ocrx_word' id='word_1_228' title='bbox 218 3983 469 4050; x_wconf 85' lang='lat' dir='ltr'>laudatissimus?</span> <span class='ocrx_word' id='word_1_229' title='bbox 499 3981 616 4047; x_wconf 88' lang='lat' dir='ltr'>deiude</span> <span class='ocrx_word' id='word_1_230' title='bbox 646 4004 745 4067; x_wconf 85' lang='lat' dir='ltr'>opera</span> <span class='ocrx_word' id='word_1_231' title='bbox 772 3987 842 4070; x_wconf 89' lang='lat' dir='ltr'>ipsa</span> <span class='ocrx_word' id='word_1_232' title='bbox 871 4005 981 4050; x_wconf 89' lang='lat' dir='ltr'>noune</span> <span class='ocrx_word' id='word_1_233' title='bbox 1010 3987 1086 4048; x_wconf 90' lang='lat' dir='ltr'>satis</span> <span class='ocrx_word' id='word_1_234' title='bbox 1117 3987 1270 4052; x_wconf 84' lang='lat' dir='ltr'>artificem</span> 
     </span>
     <span class='ocr_line' id='line_1_34' title="bbox 107 4093 1270 4184; baseline -0.002 -19"><span class='ocrx_word' id='word_1_235' title='bbox 107 4098 120 4105; x_wconf 76' lang='grc'><em>’</em></span> <span class='ocrx_word' id='word_1_236' title='bbox 216 4096 374 4184; x_wconf 81' lang='lat' dir='ltr'>probant?</span> <span class='ocrx_word' id='word_1_237' title='bbox 396 4093 539 4158; x_wconf 90' lang='lat' dir='ltr'>authoris</span> <span class='ocrx_word' id='word_1_238' title='bbox 562 4104 729 4179; x_wconf 84' lang='lat' dir='ltr'>praeterea</span> <span class='ocrx_word' id='word_1_239' title='bbox 750 4094 887 4162; x_wconf 82' lang='lat' dir='ltr'>forsitan</span> <span class='ocrx_word' id='word_1_240' title='bbox 910 4099 1032 4161; x_wconf 92' lang='lat' dir='ltr'>miraris</span> <span class='ocrx_word' id='word_1_241' title='bbox 1055 4108 1182 4177; x_wconf 82' lang='lat' dir='ltr'>sortem,</span> <span class='ocrx_word' id='word_1_242' title='bbox 1205 4102 1270 4184; x_wconf 89' lang='lat' dir='ltr'>pri-</span> 
     </span>
    </p>
   </div>
   <div class='ocr_carea' id='block_1_6' title="bbox 215 4203 1267 4279">
    <p class='ocr_par' dir='ltr' id='par_1_6' title="bbox 215 4203 1267 4279">
     <span class='ocr_line' id='line_1_35' title="bbox 215 4203 1267 4279; baseline -0.001 -4"><span class='ocrx_word' id='word_1_243' title='bbox 215 4232 301 4276; x_wconf 91' lang='lat' dir='ltr'>mum</span> <span class='ocrx_word' id='word_1_244' title='bbox 323 4208 468 4279; x_wconf 82' lang='lat' dir='ltr'>aFicino</span> <span class='ocrx_word' id='word_1_245' title='bbox 491 4203 567 4270; x_wconf 90' lang='lat' dir='ltr'>olim</span> <span class='ocrx_word' id='word_1_246' title='bbox 590 4205 803 4273; x_wconf 89' lang='lat' dir='ltr'>eruditissimo</span> <span class='ocrx_word' id='word_1_247' title='bbox 825 4207 996 4273; x_wconf 87' lang='lat' dir='ltr'>sacerdote</span> <span class='ocrx_word' id='word_1_248' title='bbox 1019 4209 1213 4275; x_wconf 80' lang='lat' dir='ltr'>transfertur</span> <span class='ocrx_word' id='word_1_249' title='bbox 1233 4213 1267 4275; x_wconf 92' lang='lat' dir='ltr'>in</span> 
     </span>
    </p>
   </div>
   <div class='ocr_carea' id='block_1_7' title="bbox 0 0 1392 4876">
    <p class='ocr_par' dir='ltr' id='par_1_7' title="bbox 0 0 1392 4876">
     <span class='ocr_line' id='line_1_36' title="bbox 0 0 1392 4876; baseline 0 3"><span class='ocrx_word' id='word_1_250' title='bbox 0 0 1392 4876; x_wconf 95' lang='lat' dir='ltr'> </span> 
     </span>
    </p>
   </div>
  </div>
 </body>
</html>
