2776 4876
154 335 207 398 λθ
1158 345 1211 401 rra

149 493 240 570 τικῆς
262 489 443 566 ἀσθενείας
465 487 486 572 ῆ
509 487 587 558 ἀνευ
608 489 730 574 ταύτης
752 493 812 560 οὐκ
834 491 877 559 ἀν
901 521 949 573 τις
971 496 1137 588 ὑπολάβοι
1158 502 1208 567 δι·

150 606 251 680 καίας
272 601 332 669 τὸν
353 599 604 688 ἐνθουσιασμὸν
626 603 717 684 εἶναι,
746 604 816 673 οὐδ’
843 602 886 672 ἀν
914 603 1000 674 οὕτω
1028 613 1208 693 γίγνεσθαι

115 709 281 790 salsorum
303 706 345 779 ἀν
365 711 547 782 ὑπόθοιτο·
571 711 646 782 οὕτε
668 713 732 803 γάρ
756 715 974 804 ἀνθρώπινόν
996 725 1066 786 ἐστι
1088 720 1127 786 τὸ
1149 724 1209 803 τῆς

151 827 341 915 θεοφορίας
362 828 467 909 ίργον,
490 821 563 892 οὔτε
587 826 815 916 ἀνθρωπίνοις
829 832 959 917 μορίοις
974 826 996 910 ῆ
1010 829 1210 919 ὲνεργῆμασι

152 931 192 1002 τὸ
215 940 284 1002 πᾶν
306 940 370 1022 ἔχει
391 939 504 1023 κῦρος·
526 935 614 1004 ἀλλά
636 942 816 1024 ταῦταμὲν
831 935 939 1017 ἀλλοις
953 937 1130 1022 ὑπόκειται,
1152 947 1210 1011 καλ

115 1051 271 1135 ιχρῆται
292 1044 405 1126 αὐτοῖς
427 1046 445 1114 ὁ
470 1045 553 1127 θεὸς
576 1049 619 1126 ὡς
642 1046 812 1136 ὀργάνοις·
837 1045 886 1117 τὸ·
899 1054 932 1118 δὲ
954 1054 1024 1118 πᾶν
1038 1055 1135 1141 ἔργον
1148 1057 1209 1135 τῆς

151 1162 310 1243 μαντείας
332 1157 375 1224 δι’
394 1157 497 1226 αὐτοῦ
518 1164 647 1249 πληροῖ,
675 1164 733 1227 καὶ
754 1159 880 1257 ἀμιγεῖς
908 1159 974 1229 ἀπὸ
1003 1165 1069 1229 τῶν
1098 1159 1209 1232 ἄλλων

151 1268 330 1359 ἀφειμένος
358 1265 433 1337 οὕτε
460 1275 570 1360 ψυχῆς
599 1277 791 1356 κινουμένης
813 1271 883 1339 οὐδ’
903 1271 1018 1345 ὁτιοῦν
1045 1268 1125 1340 οὔτε
1144 1270 1208 1345 σοί.-

118 1388 134 1438 9
151 1405 258 1466 ματος
278 1388 401 1470 ἐνεργεῖ
414 1380 498 1448 καθ’
513 1380 624 1449 αὑτόν.
662 1378 747 1449 ὅθεν
770 1378 812 1463 δῆ
833 1387 889 1450 καὶ
911 1382 1043 1475 ἀψευδῆ
1057 1388 1208 1469 γίνονται

151 1488 194 1558 τά
215 1501 357 1579 μαντεῖα
378 1489 550 1570 ababuc
578 1493 621 1572 ὡς
650 1496 732 1578 λέγω
762 1490 1029 1580 κατορθούμενα.
1075 1492 1207 1563 λπειδάν

152 1602 182 1670 δ’
201 1602 224 1684 ῆ
244 1601 336 1693 ψυχὴ
358 1609 676 1698 προκαταταραχθῇ,
698 1598 721 1686 ἢ
741 1598 866 1690 μεταξὺ
886 1609 1017 1686 κινῆται
1038 1600 1060 1687 ῆ
1082 1608 1129 1691 τρῖ
1143 1605 1207 1677 σιίτ

102 1717 136 1768 12
152 1738 233 1800 ματι
260 1719 472 1808 παρεμπίπτρ
500 1719 556 1782 καὶ
584 1711 647 1796 τῆν
676 1719 779 1783 θείαν
807 1713 974 1801 ἁρμονίαν
1002 1712 1208 1808 ἐπιταράτκη,

154 1823 336 1914 θορυβώδη
359 1833 516 1913 γίνονται·
532 1829 589 1893 καὶ
609 1829 718 1917 ψευδῆ
741 1821 782 1893 τά
804 1838 956 1912 μαντεῖα,
979 1830 1035 1894 καὶ
1049 1825 1069 1893 ὁ
1085 1829 1208 1905 ἐνθου-

153 1935 294 2022 σιασμὸς
314 1937 422 2006 οὐκέτι
442 1934 580 2019 ἀληθῆς
600 1935 738 2024 ὑπάρχει
759 1935 834 2004 οὐδὲ
856 1939 998 2021 γνησίως
1020 1942 1125 2016 θεῖος.

103 2055 134 2104 15
240 2044 287 2116 Et
307 2053 368 2134 μὲν
389 2039 449 2116 οὖν
470 2045 630 2126 ἀπόλυσις
651 2052 713 2114 τοῦ
734 2051 833 2115 θείου
854 2046 922 2115 ἀπὸ
944 2052 1003 2130 τῆς
1024 2045 1127 2130 ἄλλης
1141 2065 1207 2138 ψν-
1224 2057 1245 2117 8

149 2162 213 2246 γῆς
234 2156 256 2241 ῆ
276 2155 443 2248 χωρισμὸς
466 2163 526 2226 τοῦ
546 2163 607 2225 κοῦ
629 2154 715 2238 ἥτις
729 2158 887 2237 antiago
900 2149 956 2250 ῆῆ
973 2155 1108 2240 ἀληθὴς
1122 2183 1208 2245 μαυ-

153 2274 233 2352 τεία,
262 2267 283 2352 ῆ
312 2268 502 2361 σφοδρότης
530 2272 584 2335 καὶ
608 2274 755 2344 ἐπίτασις
783 2273 945 2355 ἐνεργείας
972 2263 995 2349 ῆ
1022 2267 1160 2348 ποίθους
1186 2266 1209 2352 ῆ

223 2457 249 2507 2.
273 2453 337 2523 τάν]
355 2455 388 2510 τί
407 2455 441 2508 D.
514 2457 538 2508 3.
566 2451 613 2520 ἀν]
632 2453 667 2505 εἰσ
681 2455 711 2515 Α,
736 2444 782 2505 οὗν
801 2453 832 2505 0,
905 2454 929 2504 4.
957 2449 993 2519 ἢ]
1012 2453 1092 2516 oieb,
1110 2456 1155 2507 καὶ
1174 2454 1208 2509 0.

224 2543 249 2594 9.
268 2538 389 2610 ἀψευδῆ]
403 2538 439 2592 air
452 2539 505 2602 Ac,
524 2535 649 2609 ἀψευδεῖς
661 2539 694 2592 0.
750 2541 793 2592 11.
813 2541 1163 2610 προκαταταραχθῆιοειςο
1176 2539 1208 2604 Β,

224 2624 449 2699 προκατίρχῃΟ.
474 2623 488 2692 ΙΙ
511 2624 628 2693 κινῆται]
648 2625 683 2678 sic
702 2622 782 2688 ACD,
809 2622 969 2677 καιῖταιθ.
1000 2618 1012 2692 ΙΙ
1040 2620 1060 2691 ῆ
1076 2625 1109 2678 τὸ
1129 2627 1210 2694 σῶμα

222 2711 294 2765 raD.
359 2715 401 2765 12.
429 2716 602 2783 παρεμπίπτη
616 2712 670 2776 AC,
688 2710 917 2782 παρεμπίπτειΟ.
976 2711 1018 2762 14.
1047 2705 1126 2764 orirer
1126 2705 1209 2764 ’.An

234 2791 246 2866 ΙΙ
257 2802 369 2867 γνησίως
387 2796 514 2865 θείας]
494 2819 529 2851 aro
544 2798 622 2861 ACD,
640 2793 795 2867 γυῆσιοςΟ.
870 2797 913 2848 16.
940 2793 1119 2863 ἐπίτειν’ἓις]
1098 2815 1134 2849 rao
1153 2796 1208 2893 AC,

223 2885 336 2945 intrabas
353 2884 387 2948 D,
412 2883 584 2945 ἐπίτασιςΟ.
605 2872 658 2951 ΙΙ’
638 2905 655 2956 η
674 2873 748 2953 ῆ]’
729 2904 745 2954 η
766 2872 1142 2950 q”AC,a¹1⁸D.'

152 3075 232 3148 igitur
250 3050 441 3131 existimaverit
458 3071 668 3131 antbusimmnm
685 3073 803 3151 pendere
821 3071 854 3129 ab
873 3073 959 3129 anima
971 3083 1017 3128 ant
1027 3073 1061 3128 ab
1074 3066 1208 3149 aliquibus

153 3160 255 3216 animoa
272 3158 456 3229 bommtibns,
478 3171 524 3218 aut
541 3162 575 3218 ab
593 3159 733 3219 intellectu
750 3168 795 3215 aut
813 3160 846 3215 ab
865 3159 1078 3237 operationibus,
1096 3167 1142 3213 ant
1158 3177 1209 3236 per

153 3265 308 3322 corpoream
325 3245 505 3309 valetudinem
521 3257 568 3303 ant
585 3248 643 3305 siae
661 3247 712 3314 baa
729 3246 789 3303 fiori
806 3255 852 3301 aut
869 3264 923 3300 non
935 3245 1003 3301 fiori.
1051 3262 1120 3320 opus
1137 3263 1208 3321 narn·

66 3378 68 3382 1
153 3351 205 3407 qno
222 3330 284 3409 plus
306 3352 387 3410 quam
409 3333 553 3391 humanam
575 3343 617 3389 ast
640 3331 746 3391 dbinua
770 3341 875 3409 raptus,
898 3351 948 3387 neo
972 3327 1141 3403 facultatibus
1163 3326 1208 3407 vai

153 3419 354 3494 operationibus
366 3418 531 3477 ¹mortalibus
548 3421 683 3487 innititur,
708 3438 859 3495 quanquam
876 3418 911 3473 iis
930 3419 1007 3493 quasi
1028 3415 1157 3481 subiectis
1181 3425 1209 3485 st

152 3505 258 3579 organis
275 3514 364 3561 utatur
382 3504 461 3573 daus,
485 3507 531 3581 qni
549 3515 637 3567 tamen
655 3514 741 3561 totum
759 3505 880 3561 vaticinii
901 3523 997 3559 munus
1018 3521 1068 3604 per
1086 3522 1116 3557 se
1134 3521 1209 3579 praa·

151 3599 213 3656 stat,
232 3598 260 3645 et
277 3609 361 3665 panas
378 3610 409 3646 sa
412 3610 505 3667 para
511 3591 709 3668 separatimque
726 3591 759 3647 ab
778 3589 838 3647 aliis
857 3585 1026 3656 omnibns,
1008 3590 1095 3661 anima
1113 3598 1140 3644 ot
1152 3607 1209 3645 cor-

150 3695 218 3752 pore
235 3673 303 3731 nibil
320 3675 542 3743 ministrantibus,
561 3686 692 3753 oporatur
738 3675 809 3731 unda
827 3684 855 3731 ot
872 3675 997 3730 vaticinia
1015 3673 1049 3731 ad
1066 3655 1138 3731 bunc
1154 3692 1209 3730 mo-

151 3759 216 3817 dum
235 3770 365 3836 conrepta
384 3780 446 3817 vara
464 3769 535 3817 sunt
583 3761 691 3837 quod
668 3782 692 3819 ει
705 3762 793 3817 anima
805 3769 867 3815 anto
879 3758 1042 3815 afflationem
1053 3760 1209 3837 perturbata

86 3847 88 3852 ’
151 3843 244 3913 berit,
268 3855 314 3901 aut
331 3846 440 3902 interim
457 3846 606 3902 concitetur
628 3857 674 3903 aut
696 3847 804 3922 corpori
827 3843 1002 3900 confundatur
1023 3854 1068 3901 ant
1093 3845 1210 3907 divinam

151 3930 316 3989 harmoniam
333 3929 497 4033 interpellat,
516 3929 626 3989 confusa
645 3942 672 3988 at
689 3929 794 3987 fallacia
806 3928 923 3986 eradunt
931 3933 1068 4001 vaticinia,
1088 3952 1138 3988 noo
1142 3950 1210 4007 spe-

152 4019 205 4073 rari
222 4028 313 4096 potest
331 4018 461 4095 genuinus
480 4027 526 4075 ant
542 4036 606 4073 vara
624 4016 733 4074 divinas
751 4014 954 4077 enthusiasmos.

222 4103 279 4161 si
271 4106 352 4181 agitur
369 4124 434 4161 rara
451 4105 606 4161 vaticinatis
624 4101 692 4170 nibil
705 4113 786 4159 assat
808 4101 881 4161 aliud
904 4122 983 4179 qnam
1006 4101 1105 4159 solutio
1124 4101 1208 4177 partsp
1225 4093 1246 4154 8

151 4188 292 4247 divinioris
309 4192 411 4247 animae
429 4212 446 4251 ¹a
464 4188 568 4266 reliqna
586 4191 687 4257 anima,
709 4198 757 4255 ant
762 4188 870 4255 mantis
889 4188 1102 4263 sequestratio
1080 4195 1132 4243 aut
1150 4205 1210 4245 εοε-

697 4316 700 4323 ’
773 4320 819 4345 (ιζ
874 4314 942 4341 «'··'
981 4291 1050 4346 'vr
1086 4318 1132 4343 :·a».

817 4356 820 4365 1
