2776 4876
220 382 270 422 err
474 363 525 422 Tb.
545 364 623 421 Gelai
640 374 802 444 conspectus
820 367 904 422 totius
922 366 1022 443 operis.

660 522 777 580 Scotio
806 527 831 578 6.

292 621 315 673 1.
353 619 393 674 Dc
412 620 571 674 abstinentia
590 640 604 672 a
627 617 812 675 cadaveribus:
837 639 905 694 quae
927 619 1054 674 cadavera
1080 639 1113 676 ex
1136 638 1275 677 sacrorum

218 713 321 790 legibus
339 715 441 791 impura
459 733 526 789 quae
545 731 605 769 nou.
655 711 784 788 quaedam
806 715 914 768 numina
938 711 1017 768 aliter
1035 733 1114 788 quam
1131 715 1218 770 caesis
1235 716 1275 770 vi·

219 808 310 863 otimis
329 806 448 863 colendo.

287 906 313 956 2.
350 901 501 958 llorticinia
518 920 573 957 non
591 903 644 956 nisi
662 900 819 957 mortalibus
837 905 1017 980 impuritatem
1039 903 1194 979 imprimere
1211 921 1275 979 pos·

218 1006 286 1051 sunt.
334 995 508 1052 daemonibus
527 996 695 1071 incorporeis
714 1015 768 1052 non
786 999 858 1053 item.

286 1093 312 1144 3.
351 1089 393 1145 Dc
410 1091 495 1145 sacris
513 1088 670 1144 animalibus
683 1089 780 1166 quibus
798 1093 920 1147 mactatis
933 1094 962 1146 in
974 1090 1183 1146 divinationibus
1196 1100 1273 1145 utun·

219 1194 269 1239 tur.
319 1184 353 1239 de
370 1186 505 1262 accipitre.

288 1284 310 1333 4.
348 1278 443 1334 Anima
462 1281 518 1333 cius
538 1280 584 1354 qui
603 1278 755 1334 huiusmodi
773 1281 900 1335 vaticinio
918 1283 1002 1336 utitur
1025 1277 1148 1335 nonnihil
1170 1275 1204 1333 dc
1222 1297 1272 1334 suo

218 1372 251 1428 ad
270 1393 337 1450 opus
357 1371 550 1450 perficiendum
569 1371 683 1428 confert:
707 1375 862 1429 vaticinium
886 1373 959 1431 istud
982 1392 1035 1428 non
1058 1375 1111 1428 nisi
1134 1371 1169 1429 de
1192 1372 1272 1429 rebus

217 1469 319 1543 exiguis
338 1487 353 1521 a
371 1466 463 1522 divino
482 1465 561 1543 longe
579 1465 694 1522 distans:
715 1469 739 1522 ei
757 1488 812 1523 non
830 1467 975 1524 fidendum.

287 1566 311 1615 5.
348 1560 391 1616 De
409 1563 488 1616 minis
507 1580 573 1637 quus
591 1562 723 1615 intentant
741 1563 769 1615 in
788 1561 854 1618 deos
866 1561 971 1637 theurgi
1024 1560 1089 1627 leis,
1108 1560 1189 1628 baris,
1208 1560 1272 1616 Osi·

216 1657 263 1722 ris,
283 1654 388 1732 Typbo.
434 1657 545 1733 spiritus
563 1653 671 1730 quidam
689 1654 768 1710 bruti.

287 1753 312 1804 6.
347 1748 481 1805 Sacerdos
503 1751 619 1804 minatur
641 1758 770 1824 quatenus
793 1747 904 1803 deorum
928 1769 1091 1806 summorum
1113 1752 1272 1806 auctoritate

216 1846 334 1899 munitus
353 1842 460 1899 incedit.
507 1863 602 1898 arcana
621 1841 748 1917 symbolo.
795 1842 936 1898 daemones
955 1844 1046 1899 mundi
1068 1851 1160 1922 parte's
1182 1853 1271 1900 custo·

217 1937 300 1993 diunt.

286 2035 311 2087 7.
347 2031 498 2088 Daemones
516 2041 592 2088 caute
611 2029 767 2087 custodiunt
783 2050 877 2086 arcana
894 2035 1023 2105 mysteria
1046 2035 1075 2088 in
1096 2033 1194 2108 quibus
1213 2035 1271 2088 uni·

215 2128 287 2182 versi
304 2125 377 2182 salus
400 2124 472 2181 latet.
519 2124 638 2181 Osiridis
655 2125 793 2180 beneficus
817 2124 941 2180 influxus.
986 2125 1042 2182 Jsis
1063 2128 1120 2182 vita
1144 2129 1270 2186 omnium.

216 2217 412 2275 Chaldaeorum
430 2222 458 2275 iu
477 2219 529 2275 diis
549 2219 656 2274 orandis
675 2239 733 2274 mos
751 2220 845 2297 purior
864 2229 906 2274 est
924 2240 1002 2295 quam
1019 2220 1223 2298 Aegyptiorum.

657 2383 771 2440 Sectio
800 2388 825 2439 7.

286 2508 310 2559 1.
347 2503 495 2580 Theologia
512 2503 706 2580 Aegyptiorum
725 2500 881 2576 symbolica.

285 2605 309 2654 2.
345 2597 442 2654 Lutum
461 2609 488 2654 ct
505 2597 578 2652 lotus
597 2595 661 2672 quid
679 2597 837 2671 significent.
883 2595 926 2652 sol
942 2596 1072 2672 gubernat
1089 2599 1185 2652 omnia

284 2696 308 2748 3.
345 2690 419 2748 Solis
441 2695 529 2748 varias
553 2693 625 2746 vires
649 2690 794 2766 significari
822 2710 872 2767 per
893 2693 951 2746 cius
973 2693 1001 2747 in
1024 2691 1134 2747 zodiaco
1158 2701 1267 2747 motum

215 2807 249 2842 ex
266 2788 349 2841 variis
368 2789 424 2842 eius
442 2785 522 2841 donis
539 2805 594 2840 non
612 2787 686 2859 argui
704 2786 732 2839 in
750 2805 782 2840 eo
800 2783 997 2841 multitudinem
1014 2807 1064 2842 nec
1082 2806 1116 2842 ex
1127 2788 1209 2842 variis
1221 2805 1268 2842 no·

214 2879 339 2934 minibus.

284 2978 310 3028 4.
345 2973 389 3030 De
402 2973 500 3030 divinis
512 2973 672 3040 nominibus,
691 2994 724 3029 an
736 2975 792 3029 sint
804 2973 987 3049 significantia.
1024 2973 1144 3040 barbara,
1162 2971 1269 3030 scilieet

215 3068 377 3146 Aegyptiace
396 3077 423 3123 et
441 3068 553 3142 Assyria
573 3067 632 3123 aliis
650 3066 787 3144 praeferri,
807 3078 835 3123 et
852 3088 940 3144 quare.

284 3169 310 3218 5.
348 3162 461 3218 Nomina
480 3161 569 3218 divina
588 3181 642 3216 non
654 3164 755 3217 suntin
767 3164 889 3217 instituto
907 3160 1030 3230 humano,
1048 3162 1110 3219 ideo
1122 3164 1267 3240 permutari

214 3277 267 3313 non
284 3278 367 3337 posse
385 3259 414 3312 in
432 3256 497 3323 alia;
520 3277 574 3312 non
593 3259 709 3312 retinent
730 3277 804 3312 suam
821 3258 876 3311 vim
894 3254 1021 3312 translata
1040 3258 1067 3312 iu
1089 3255 1168 3313 aliam
1185 3255 1266 3312 diale-

214 3363 298 3409 ctum:
330 3353 461 3409 divinitus
488 3360 555 3406 orta.
603 3369 698 3428 preces
721 3360 749 3406 et
775 3371 850 3408 sacra
878 3352 985 3426 antiqua
1012 3371 1066 3406 nou
1090 3349 1265 3407 innovandae
1315 3407 1319 3415 ,

215 3446 311 3504 Graeci
322 3457 464 3502 novatores
477 3447 563 3501 omnia
577 3447 605 3501 in
617 3447 702 3501 sacris
715 3455 896 3522 corrumpunt.
931 3444 1038 3501 barbari
1050 3445 1254 3502 constantiores.

656 3609 770 3666 Sentio
797 3613 822 3666 8.

289 3731 310 3780 i.
348 3727 423 3800 Quae
447 3731 483 3783 sit
504 3731 589 3806 prima
614 3749 692 3784 causa
716 3749 749 3784 ex
771 3726 963 3804 Aegyptiorum
991 3725 1120 3783 doctrina.
1168 3747 1216 3785 cur
1238 3728 1266 3784 in

213 3823 324 3897 scriptis
342 3825 509 3897 antiquorum
527 3822 698 3879 sacerdotum
711 3823 904 3898 Aegyptiorum
924 3830 996 3878 tauta
1013 3825 1051 3878 sit
1067 3821 1102 3878 de
1121 3821 1200 3876 rebus
1219 3818 1266 3875 bu·

214 3914 330 3971 iusmodi
349 3913 520 3972 dissonantia.
566 3917 700 3974 Hermotis
718 3916 847 3972 librorum
869 3936 993 3973 numerus
1015 3919 1090 3972 iuxta
1108 3915 1265 3975 Seleucumz

215 4013 288 4067 iuxta
306 4006 500 4064 lllanetbonem.

284 4108 309 4158 2.
347 4100 428 4176 Quod
446 4103 482 4158 sit
500 4101 565 4158 deus
582 4124 650 4159 nnus
668 4115 730 4162 autc
747 4108 833 4162 omnia
850 4107 950 4161 entium
962 4106 1102 4183 principia,
1121 4107 1149 4160 in
1161 4124 1192 4160 so
1204 4105 1265 4181 ipso

215 4217 388 4274 permanens,
412 4206 472 4252 ante
492 4215 569 4251 omne
588 4196 769 4274 intelligibile,
793 4219 881 4255 rorum
899 4201 1016 4255 omnium
1035 4201 1109 4275 origo
1133 4199 1194 4255 linis
1212 4217 1265 4253 me·
