2776 4876
209 352 260 406 tos
1206 350 1259 416 &3

206 518 261 575 πεῖ
282 503 324 573 τά
345 510 433 594 έρνα,
454 505 548 586 τάξιν
570 530 603 572 τε
627 504 735 572 αὐτῶν
756 509 812 572 καὶ
834 508 1018 591 ἐπιμέλειαν
1039 508 1095 571 καί
1118 500 1261 593 έπανόρ·

208 621 317 684 θωσιυ
338 615 399 699 τήν
412 615 647 705 προσήκουσαν
659 614 915 704 μεταλαγχάνει·
937 620 994 682 καί
1009 611 1051 682 τά
1066 620 1127 701 μὲν
1140 640 1261 701 κεκμη-

206 725 288 795 κότα
310 726 448 814 σάματα
473 725 659 817 θεραπεύει,
685 724 728 796 τά
759 731 792 795 δέ
814 729 1010 814 πλημμελῶς
1031 729 1087 794 καὶ
1110 725 1260 806 ἀτάκτως
1278 744 1294 796 3

206 842 323 924 έχοντα
344 840 423 928 παρ’
444 838 638 927 ἀνθρώποις
660 833 696 907 εὖ
719 841 904 921 διατίθησι,
924 843 1047 925 τεχνῶν
1068 861 1103 904 τε
1119 837 1260 926 εὑρέσεις

205 946 362 1028 πολλάκις
383 954 439 1017 καὶ
461 947 623 1037 διανομάς
645 955 710 1018 τῶν
733 953 867 1018 δικαίων
881 954 936 1016 καὶ
951 952 1017 1018 τῶν
1030 954 1181 1036 νομίμων
1197 953 1259 1016 θέ-

206 1080 273 1139 σεις
294 1064 530 1148 παραδίδωσιν.
1277 1085 1293 1136 υ

298 1168 408 1249 Οὕτως
430 1178 465 1239 έν
485 1172 683 1254 Ἀσκληπιοῦ
704 1177 765 1260 μέν
787 1170 829 1240 τά
851 1171 1027 1258 νοσήματα
1054 1183 1125 1249 τοῖς
1149 1174 1259 1249 θείοις

206 1282 345 1370 ὀνείροις
366 1281 520 1350 παύεται·
551 1280 606 1350 διά
629 1287 664 1350 δὲ
693 1281 755 1365 τήν
776 1283 870 1365 τάξιν
891 1286 958 1350 τῶν
984 1282 1109 1369 νύκτωρ
1137 1289 1258 1373 ἐπιφα-

204 1398 300 1461 νειῶν
322 1392 344 1474 ή
368 1389 495 1482 ἰατρική
518 1399 614 1484 τέχνη
637 1401 776 1478 συνέστη
798 1392 866 1463 άπὸ
882 1398 947 1462 τῶν
960 1398 1055 1478 ἱερῶν
1070 1391 1256 1483 ὀνειράτων.
1276 1412 1292 1464 9

204 1501 243 1571 τὸ
268 1507 302 1572 δέ
324 1503 538 1592 Ἀλεξάνδρου
559 1503 784 1592 στρατόπεδον
804 1509 873 1573 πᾶν
895 1502 1025 1585 ἐσύθη,
1052 1508 1174 1590 μέλλον
1198 1500 1257 1591 άρ-

204 1617 265 1696 ὃην
287 1610 403 1692 νυκτὸς
424 1613 647 1696 ἀπόλλυσθαι,
669 1614 830 1685 Διονύσου
844 1615 918 1684 κατ’
937 1611 1021 1703 ύναρ
1042 1621 1258 1706 ἐπιφανέντος

203 1728 260 1790 καί
282 1721 343 1805 τήν
366 1723 459 1794 λύσιν
485 1731 551 1793 τῶν
579 1726 766 1808 ἀνηκέστων
792 1725 1008 1811 παθημάτων
1036 1725 1256 1813 σημήναντος.
1277 1743 1308 1794 12

201 1829 353 1926 Ἅφουτις
375 1838 410 1903 δὲ
430 1834 495 1904 ύπό
518 1835 721 1927 Λυσάνδρου
743 1842 803 1905 τού
822 1840 984 1923 βασιλέως
997 1842 1256 1926 πολιορκουμένη

202 1941 287 2012 κατά
303 1942 379 2025 τούς
393 1944 460 2013 άπὸ
476 1952 536 2015 τοῦ
549 1943 719 2033 Ἄμμωνος
737 1953 957 2040 πεμφθέντας
971 1947 1118 2037 ὀνείρους
1132 1946 1256 2030 ἐσύθη,

203 2053 265 2137 τήν
286 2061 445 2144 ταχίστην
467 2057 571 2125 αὐτοῦ
591 2055 651 2126 τὸν
680 2055 822 2146 στρατὸν
850 2058 1102 2141 ἀναστήσαντας
1126 2063 1257 2127 έκεῖθεν
1276 2081 1308 2132 15

203 2169 261 2233 καὶ
284 2165 446 2246 λύσαντος
468 2168 593 2248 εὐθέως
620 2165 682 2251 τήν
712 2173 914 2258 πολιορκίαν.
959 2174 1014 2238 καί
1043 2174 1075 2236 τί
1097 2173 1147 2237 δεῖ
1168 2169 1251 2236 καθ’

273 2332 297 2381 7.
323 2324 496 2397 Ἀσκληπιοῦ]
515 2329 683 2402 aegyptiacum
696 2331 806 2383 nominis
819 2347 920 2404 etymon
933 2330 1064 2402 proposuit
1076 2331 1144 2384 Roth
1160 2328 1255 2404 (dgypt.

272 2415 419 2466 Glaubensl.
438 2417 496 2468 Not.
508 2418 567 2480 153,
585 2418 697 2486 p‚112):
717 2418 854 2487 architop,
876 2437 980 2484 magnus
997 2417 1130 2481 revelator,
1145 2419 1255 2470 multum

272 2502 394 2563 πανέλοπες
413 2502 630 2565 asct=muttus,
642 2522 758 2568 magnum
770 2503 839 2572 λ’ίερ,
854 2503 926 2572 τίτίυρ
932 2504 1087 2556 =revelare.
1159 2506 1184 2556 8.
1207 2507 1256 2556 ντί·

272 2607 340 2658 κτωρ
359 2587 388 2641 C.
460 2590 501 2640 10.
525 2585 712 2659 Ἀλεξάνδρου]
732 2609 784 2641 non
802 2589 882 2659 liquet
898 2604 982 2641 utrum
1001 2591 1032 2641 ad
1053 2591 1203 2642 Ammonem
1223 2608 1255 2640 an

272 2693 318 2742 per
337 2673 484 2726 Gedrosiam
508 2674 627 2726 innuatur
648 2675 702 2727 iter.
741 2668 754 2742 ΙΙ
792 2674 900 2745 μέλλον]
927 2675 963 2726 sic
984 2674 1069 2735 BCD,
1095 2673 1197 2744 μᾶλλον
1221 2674 1255 2726 0.

275 2761 316 2811 11.
343 2756 499 2814 &nitrosas
518 2762 551 2812 Ι).
625 2761 665 2812 13.
691 2755 834 2829 Ἅφουτις]
854 2757 955 2831 'Apim
974 2757 989 2830 ἢ
1008 2757 1119 2830 ”Apum
1135 2755 1255 2830 ήἎφυ-

274 2865 328 2906 τος,
346 2843 421 2904 πόλις
440 2847 505 2917 πρὸς
522 2844 556 2920 τῇ
576 2845 700 2916 Παλλήνη
722 2844 826 2918 Θρηίκης
845 2883 905 2899 ....
925 2850 982 2912 ἴσχε
1003 2847 1030 2898 δὲ
1052 2844 1068 2914 ή
1089 2842 1166 2906 πόλις
1187 2865 1255 2915 μαι·

274 2939 345 2982 astos
366 2925 510 2999 Ἄμμωνος.
539 2931 624 3001 Stepb.
648 2930 709 3001 Byr.
733 2931 772 2984 ed.
798 2931 876 2985 Mein.
915 2928 1066 3002 Ἀφυταίων
1084 2931 1158 2992 πόλις
1188 2931 1255 2984 Ptut.

273 3017 330 3088 Lys.
348 3016 392 3068 20.

204 3167 312 3235 lustrat,
336 3187 428 3225 eorum
446 3189 515 3244 quae
532 3171 560 3225 in
579 3179 699 3247 tempore
717 3181 844 3228 eventura
862 3181 925 3228 sunt
947 3170 1143 3248 contemplatur
1164 3187 1254 3246 opera,

203 3256 367 3331 sortiturque
388 3257 568 3333 provinciam,
592 3277 623 3312 ea
645 3267 726 3334 prout
748 3267 856 3336 oportet
878 3257 1019 3315 ordinandi
1040 3256 1151 3313 curandi
1173 3257 1255 3311 corri-

202 3341 290 3417 gendi.
338 3344 362 3397 si
381 3362 433 3418 qua
451 3361 563 3419 corpora
581 3343 684 3398 infirma
707 3353 783 3412 sunt,
807 3355 896 3414 sanat,
919 3347 943 3401 si
966 3365 1017 3421 qrra
1040 3342 1111 3420 apud
1132 3340 1255 3397 hominos

202 3428 379 3484 exorbitantia
401 3439 428 3485 et
449 3431 478 3484 in
496 3428 618 3485 ordinem
634 3432 784 3507 peccantia,
809 3430 948 3486 commode
966 3428 1099 3507 disponit,
1122 3437 1192 3485 artes
1216 3429 1255 3482 in·

202 3516 284 3582 venit,
302 3517 359 3571 iura
378 3515 523 3584 distribuit,
542 3515 629 3592 legum
647 3517 853 3572 constitutiones
870 3515 960 3573 tradit.

272 3599 320 3656 Sic
346 3603 375 3658 in
396 3600 551 3680 Aesculapii
578 3600 679 3678 templo
701 3621 751 3679 per
773 3604 875 3658 somnia
897 3601 989 3658 divina
1010 3600 1098 3658 morbi
1120 3607 1254 3665 sanantur,
1325 3654 1327 3658 ,

202 3689 315 3764 ipsaque
332 3687 457 3744 medendi
474 3708 518 3744 ars
536 3689 690 3744 constitutis
714 3689 946 3746 observationibus
969 3697 1160 3744 nocturnorum
1177 3705 1257 3763 appa·

203 3774 330 3829 ritionum
341 3775 369 3828 in
381 3772 480 3831 divinis
492 3777 604 3831 somniis
617 3783 768 3852 comparata
780 3785 830 3830 est.
878 3784 951 3831 totus
963 3773 1110 3832 Alexandri
1123 3774 1255 3828 exercituo

201 3857 321 3916 funditus
340 3861 473 3935 periisset,
491 3862 544 3917 nisi
561 3881 611 3939 per
629 3861 747 3936 quietem
765 3863 933 3937 apparuisset
949 3861 1088 3936 Dionysus
1107 3868 1135 3914 et
1152 3856 1255 3915 calami·

201 3947 517 4020 tatum-gravissimarum
535 3946 651 4003 remedia
669 3957 852 4003 monstrasset.
899 3945 1017 4025 Apbutis
1034 3945 1112 4014 urbs,
1136 3965 1195 4001 cum
1216 3963 1256 4000 ar·

201 4033 322 4088 ctissime
341 4052 357 4086 a
373 4028 515 4106 Lysandro
534 4052 596 4108 rege
614 4033 791 4102 obsideretur,
815 4033 978 4091 liberabatur
999 4052 1049 4110 per
1066 4034 1169 4088 somnia
1188 4050 1256 4107 quae

202 4119 227 4173 ci
241 4116 369 4195 iuppiter
388 4116 501 4173 Ammon
519 4118 606 4183 misit;
630 4123 776 4178 exercitum
794 4123 865 4178 enim
883 4122 1008 4177 contiuuo
1027 4119 1090 4175 inde
1107 4120 1193 4176 movit
1210 4117 1256 4173 ob-

203 4202 387 4283 sidionemque
408 4201 498 4262 solvit.
552 4203 601 4263 ssd
623 4206 688 4282 quid
711 4227 779 4285 opus
803 4218 846 4265 est
867 4208 970 4286 singula
993 4227 1151 4286 percurrere
1171 4203 1256 4283 expli·
