2776 4876
221 355 257 410 90
1204 355 1274 420 tto

222 534 318 577 πινον
340 511 416 592 βίον
439 504 693 594 συμβαλλόμενοι
715 514 785 586 τοῖς
807 511 951 597 θεωροῖς
972 507 1177 596 προξενοῦσα
1219 513 1276 576 καὶ

223 618 325 698 οὕτως
346 619 426 706 ἡμῖν
454 616 539 684 κατά
561 613 623 699 τὴν
646 622 770 685 οίκιίαν
797 617 944 686 ἑκάστων
965 616 1060 699 τάξιν
1087 622 1144 686 καὶ
1168 618 1188 700 ἡ
1212 619 1271 686 ἀπ’

222 730 329 798 αὐτῶν
352 727 443 807 δόσις
466 733 589 807 οἰκείως
612 731 817 817 διακέκριται,
848 734 988 815 συγγενῆ
1015 754 1049 796 τε
1072 729 1184 819 είληςιε
1213 728 1307 813 udat

221 839 302 923 ὅλην
324 839 498 931 ἀπόκρισιν
514 844 594 930 περὶ
618 832 662 908 ὧν
685 848 720 907 ἐν
742 851 815 919 ταῖς
837 844 1043 930 ἐπιφανείαις
1072 839 1181 907 αὐτῶν
1202 848 1274 908 ἐπε-

221 951 373 1034 ζήτησας.
408 957 554 1020 τοσαῦτα
569 949 610 1033 δὴ
627 944 686 1019 οὖν
700 951 780 1038 ἡμῖν
795 955 850 1018 καὶ
865 955 938 1041 περὶ
953 949 1077 1020 τούτων
1092 949 1252 1037 εἰρήσθω.

165 1079 203 1139 10
306 1061 341 1129 Ἅ
364 1063 393 1130 δ’
414 1059 513 1141 αιἰτδς
534 1062 614 1148 ἡμῖν
636 1068 856 1152 σονεισιμέριις
885 1069 929 1141 είς
955 1060 1018 1143 τὴν
1045 1067 1119 1150 περὶ
1150 1061 1307 1134 romono

221 1172 407 1261 διάγνωσιν,
435 1175 496 1241 ε’ίτε
525 1173 568 1252 ὡς
597 1177 719 1240 οἰκείαν
748 1171 881 1259 γνώμην
911 1173 1182 1265 ἀποφαινόμενος
1212 1175 1274 1242 είτο

221 1285 263 1365 ὡς
284 1284 363 1373 παρ’
384 1281 493 1351 άλλων
512 1281 674 1364 ἀκούσας,
705 1283 763 1350 οὐκ
792 1287 881 1351 ίστιν
910 1283 1029 1365 ἀληθῆ
1057 1284 1133 1351 οὐδὲ
1159 1284 1275 1373 ὀρθῶς

219 1395 388 1484 λεγόμενα.
428 1400 529 1482 λέγεις
550 1398 609 1481 μὲν
631 1391 695 1482 χοίρ
718 1391 757 1461 τό
772 1399 1037 1480 περιαυτολοχεῖν
1056 1399 1112 1462 καὶ
1128 1391 1170 1462 τὸ.
1183 1398 1273 1463 είδω-
1292 1407 1307 1458 t

202 1507 357 1577 ’λοποιδν
379 1504 561 1598 φάντασμα
584 1502 771 1595 φαντάζειν,
793 1501 905 1572 κοινὸν
920 1503 1002 1573 εἶναι
1018 1509 1115 1585 θεοῖς
1129 1510 1185 1573 καί
1200 1508 1274 1572 δαί-

218 1643 299 1706 μοσι
321 1622 467 1696 καὶτοῖς
489 1621 651 1705 κρείττοσι
678 1622 806 1701 γένεσιν
834 1615 947 1684 άπασι.
992 1613 1031 1683 τό
1061 1619 1095 1683 δὲ
1125 1616 1184 1684 οὐκ
1206 1620 1275 1683 ἔστι

218 1733 368 1798 τοιοῦτον
398 1729 515 1796 ὁποῖον
537 1724 797 1812 ὑπολαμβάνεις·
828 1730 943 1819 διδαχῇ
965 1733 1025 1814 μὲν
1046 1723 1110 1815 γάρ
1138 1731 1198 1809 τῆς
1225 1735 1274 1794 ot·
1294 1735 1325 1786 1²

218 1847 309 1920 κείας
325 1840 441 1918 οὐσίας
456 1835 540 1916 θεὸς
553 1841 609 1905 καὶ
632 1833 770 1922 άχχελος
784 1842 840 1906 καὶ
856 1841 984 1925 δαίμων
999 1833 1135 1924 ἀγαθός
1150 1843 1275 1929 χρῆται

217 1949 300 2043 πρός
321 1949 521 2039 ἄνθρωπον·
543 1945 721 2040 προσθήκῃ
744 1951 779 2016 δὲ
801 1952 927 2036 μείζονι
949 1956 985 2015 ἐν
1004 1958 1076 2027 τοῖς
1090 1947 1203 2036 λόχοις
1214 1955 1274 2031 τῆς

217 2061 426 2153 ὑπαρχούσης
455 2056 621 2145 δυνάμεως
649 2057 671 2140 ἢ
700 2062 766 2126 τῶν
795 2065 920 2127 οίκείων
948 2060 1092 2145 ἀγαθῶν
1120 2061 1274 2146 οὐδαμῶς
1293 2074 1323 2122 to

215 2178 351 2264 χρῆται·
373 2170 395 2254 ἥ
417 2197 451 2238 τε
473 2169 537 2258 γάρ
559 2167 707 2251 ἀλήθεια
731 2168 927 2262 συνυπάρχον
949 2181 1019 2249 τοῖς
1034 2175 1140 2249 θεοῖς,
1164 2169 1272 2260 ὥσπερ

217 2290 273 2353 καὶ
300 2284 382 2369 ἡλίῳ
410 2279 448 2350 τό
478 2285 549 2373 φῶς
576 2281 648 2348 κατ’
676 2280 794 2349 οὐσίαν
822 2288 1081 2373 συνυφίστηκεν·
1115 2287 1172 2351 καί
1200 2280 1272 2369 άμοι

288 2491 312 2540 1.
341 2481 551 2555 συμβαλλόμεναι
570 2483 622 2548 Ac,
642 2482 830 2554 συμβαλόμεναι
847 2485 879 2536 D.
989 2488 1014 2538 3.
1042 2475 1131 2551 δόσις]
1151 2485 1220 2544 δόξας
1237 2486 1271 2536 D.

286 2576 312 2624 4.
339 2570 481 2642 ὑπόκρισιν.
512 2584 569 2638 post
591 2567 727 2640 ὗτιοκρισικ
750 2584 801 2622 erat
823 2567 976 2641 ἀπόκρισιν,
1000 2572 1042 2622 sed
1067 2572 1177 2623 deletum
1200 2585 1236 2622 est
1258 2590 1272 2621 a

287 2657 368 2727 prima
386 2675 462 2708 manu
481 2655 513 2704 D.
590 2655 667 2706 5—6.
696 2651 970 2726 εἰρήσθω-τούτων
988 2675 1039 2707 om.
1058 2657 1093 2720 D,
1111 2671 1134 2708 et
1154 2658 1227 2709 habet
1245 2657 1271 2708 in

287 2761 364 2807 marg.
383 2761 396 2792 a
415 2752 453 2809 pr.
473 2761 506 2791 rn.
525 2747 596 2805 σθω,
614 2735 634 2793 ά
652 2735 679 2792 δ’
691 2735 775 2799 αὐτὸς
791 2737 854 2810 ἡμῖν
867 2745 1009 2813 σνιεισιρί-
1027 2747 1064 2802 είς
1075 2741 1123 2811 τὴν
1136 2745 1196 2814 περὶ
1208 2741 1272 2794 τού-

287 2848 346 2881 των.
435 2828 462 2877 8.
479 2840 535 2894 post
552 2822 673 2885 ἆκιῖίισας
692 2827 715 2876 Ι)
735 2826 804 2878 addit
823 2823 964 2886 οόκοόσοις.
1055 2830 1135 2882 9.10.
1163 2829 1271 2882 εἰδωλο-

287 2910 379 2977 ποιδν]
398 2910 476 2964 ποιὸν
496 2911 550 2962 CD.

216 3100 253 3153 ita
271 3099 343 3154 iuxta
365 3098 503 3174 proprium
527 3094 693 3168 singulorum
717 3094 836 3151 ordinem
860 3097 1065 3152 communicatio
1088 3114 1155 3171 quae
1179 3095 1212 3152 ab
1235 3097 1270 3151 iis

215 3184 247 3238 fit
264 3184 374 3260 proprie
392 3203 406 3237 a
425 3183 504 3239 nobis
523 3180 696 3238 determinata
714 3191 764 3249 est,
783 3183 936 3258 iustumque
954 3183 1048 3237 sortita
1072 3190 1135 3237 sunt
1160 3200 1271 3259 respon·

216 3289 275 3325 snm
293 3288 323 3323 ea
341 3269 429 3323 omnia
447 3267 482 3323 de
500 3267 598 3344 quibus
617 3268 761 3344 quaerebas
779 3269 807 3324 in
819 3266 872 3324 hoe
884 3267 918 3324 de
930 3267 1080 3346 epiphaniis
1093 3287 1186 3323 eorum
1199 3265 1270 3322 loeo.

216 3375 297 3432 quare
315 3363 343 3410 et
361 3352 456 3408 dehis
474 3355 526 3409 ista
545 3353 615 3410 dicta
633 3364 721 3410 sunto.

161 3435 198 3494 10
285 3439 342 3496 Sed
363 3458 412 3495 nee
435 3459 464 3495 ea
487 3460 555 3515 quae
578 3439 612 3496 ad
632 3437 698 3495 haee
716 3439 902 3515 distinguenda
924 3440 1003 3496 nobis
1026 3441 1055 3493 in
1073 3437 1188 3494 medium
1207 3456 1271 3502 mox

215 3527 303 3594 affers,
326 3528 385 3584 sive
403 3534 448 3581 tna
466 3527 517 3581 ista
536 3528 573 3581 sit
590 3527 721 3581 sententia
740 3527 798 3581 sive
817 3526 850 3581 ab
869 3525 921 3580 alio
939 3526 1084 3601 acceperis,
1106 3543 1170 3579 rere
1186 3533 1270 3579 reete·

215 3631 268 3687 qne
285 3610 417 3667 dicuntur.
466 3613 505 3666 ais
523 3614 601 3679 enim,
624 3630 762 3667 commune
780 3631 840 3667 esse
857 3610 910 3666 hue
933 3611 986 3667 diis
1004 3610 1177 3667 daemonibus
1201 3619 1270 3666 cete·

215 3699 307 3772 risque
324 3696 465 3772 generibus
484 3694 648 3765 melioribus,
666 3698 765 3752 iaetare
783 3717 814 3752 se
831 3698 946 3754 verbose
958 3707 985 3752 et
996 3697 1181 3775 phantesmata
1191 3710 1284 3752 exse

215 3780 373 3860 producere.
418 3781 467 3837 sed
485 3801 539 3837 non
558 3791 600 3837 est
617 3784 655 3837 ita
674 3782 897 3858 quemadmodum
919 3785 1079 3859 imaginaris.
1125 3782 1201 3850 deus,
1225 3802 1272 3838 an·

215 3867 300 3946 gelus,
318 3866 431 3922 daemon
448 3867 534 3922 bonus
553 3887 613 3924 enm
631 3878 768 3947 apparent,
792 3888 860 3945 qnae
878 3871 915 3924 sit
932 3889 1024 3927 resera
1043 3889 1135 3925 eorum
1153 3870 1270 3925 essentia

216 3953 319 4010 docent
331 3950 462 4018 homines,
485 3972 534 4009 nee
557 3974 673 4030 unquam
690 3964 802 4011 utuntur
824 3975 947 4012 sermone
966 3958 1057 4032 quiin
1076 3957 1160 4011 maius
1183 3974 1270 4030 aequo

216 4040 309 4096 efferat
321 4035 364 4093 vel
378 4040 522 4097 essentiam
533 4058 626 4095 eorum
637 4040 680 4096 vel
692 4042 918 4100 munificientiam.
964 4040 1187 4117 quemadmodum
1198 4042 1270 4097 enim

215 4124 261 4181 lux
279 4123 332 4180 soli
348 4122 529 4181 essentialiter
546 4128 683 4194 coitxistit
707 4129 746 4183 sie
765 4131 864 4184 veritas
883 4127 935 4183 diis
954 4125 1087 4184 cohaeret.
1131 4126 1213 4183 simul
1229 4138 1271 4183 as·

216 4211 328 4267 serimus
351 4209 431 4268 deum
454 4208 555 4268 nullius
571 4209 785 4287 'pulchritudinis
808 4212 908 4272 nullius
929 4215 1036 4271 virtutis
1058 4210 1178 4289 indigum
1198 4231 1269 4279 esse,
