2776 4876
214 335 268 401 8,’ἱ
1213 340 1267 395 269

213 491 453 579 διερμηνεῦσαι.
498 486 558 556 δύο
581 487 646 577 γάρ
675 494 738 578 έχει
760 488 885 582 ψυχάς,
914 490 958 570 ὡς
978 489 1085 559 ταῦτά
1114 516 1197 582 φησι
1225 492 1268 561 τά

214 598 404 688 γράμματα,
429 598 448 666 ὁ
470 594 670 688 ἀνθρωπος·
695 606 751 671 καὶ
774 601 795 683 ἡ
817 606 878 688 μέν
899 608 988 670 ἐστιν
1010 599 1077 668 ἀπὸ
1099 607 1159 669 τοῦ
1180 602 1267 691 πρύ-

177 725 192 777 ³
213 737 272 779 τοο
295 714 427 793 νοητοῦ,
449 717 631 799 μετέχουσα
651 717 709 780 καὶ
722 716 782 793 τῆς
794 716 856 780 τοῦ
870 716 1073 800 δημιουργοῦ
1092 711 1268 798 δυνάμεως,

212 822 234 905 ἡ
258 826 294 891 δὶ
316 826 507 909 ένδιδομένη
530 830 565 890 έκ
587 826 647 904 τῆς
668 825 734 891 τῶν
756 823 920 911 οὐρανίων
941 828 1134 916 περιφορᾶς,
1160 832 1205 902 εἱς
1225 821 1269 905 ἢν

211 933 434 1021 έπεισέρπειὴ
458 929 621 1015 θεοπτικὴ
643 931 748 1023 ψυχή·
777 932 903 1002 τούτων
933 932 974 1017 δη“
1004 934 1106 1015 οὕτως
1128 934 1269 1024 ἐχόντων

177 1044 233 1127 εὴ
255 1049 316 1131 μέν
339 1044 406 1111 ἀπὸ
428 1048 495 1111 τῶν
517 1042 651 1130 κόσμων
674 1052 718 1122 εἱς
740 1045 830 1131 ἡμᾶς
851 1044 1051 1129 καθήκουσα
1078 1043 1169 1139 ψυχὴ
1194 1059 1269 1125 ταῖς

212 1153 376 1244 περιόδοις
392 1159 637 1223 συνακολουθεῖ
651 1159 716 1222 τῶν
736 1155 876 1243 κόσμων,
898 1155 920 1238 ἡ
937 1160 971 1224 δὲ
986 1154 1053 1225 ἀπὸ
1068 1162 1129 1226 τοῦ
1146 1162 1268 1241 νοητοῦ

212 1272 338 1349 νοητῶς
365 1270 521 1354 παροῦσα
550 1269 609 1348 τῆς
636 1272 866 1355 γενεσιονργοῦ
899 1267 1082 1351 κνκλήσεως
1113 1269 1268 1359 ὑπερέχει,

177 1382 270 1445 9καὶ
291 1377 365 1445 κατ’
385 1374 491 1460 αύτην
513 1376 592 1460 ἥτε
615 1377 707 1458 λύσις
728 1383 854 1465 γίνεται
875 1385 935 1462 τῆς
956 1386 1154 1471 εἱμαρμένης
1174 1381 1267 1463 καὶὴ

211 1485 296 1579 πρδς
316 1485 394 1567 τούς
415 1485 556 1570 νοητούς
578 1486 682 1570 θεούς
704 1487 834 1572 ἀνοδος,
856 1493 1020 1578 θεονργὶα
1041 1518 1077 1560 τε
1101 1489 1163 1574 ὅση
1184 1489 1269 1582 πρὸς

211 1597 250 1667 rt
274 1599 456 1686 ἀγέννητον
485 1599 655 1688 ἀνάγεται,
685 1601 771 1670 κατά
795 1601 856 1682 τη“ν
883 1600 1042 1684 τοιαύτην
1070 1600 1156 1684 ζωὴν
1183 1602 1268 1672 ἀπο-

158 1722 193 1774 1²
211 1715 359 1780 τελεῖται

304 1821 419 1890 Οὐκέτι
433 1820 475 1906 δὴ
491 1815 559 1906 οῦν,
578 1819 597 1890 ὃ
613 1819 654 1890 σύ
670 1823 814 1914 ἀπορεῖς,
830 1827 963 1913 δεσμοῖς
976 1820 1110 1903 ἀλύτοις
1124 1822 1268 1912 ἀνάγκης
1285 1832 1304 1891 7

210 1929 254 2015 ἢν
276 1939 475 2021 εἱμαρμένην
496 1938 661 2021 καλοῦμεν
683 1938 847 2003 ἐνδέδεται
868 1936 993 2004 πάντα·
1024 1940 1087 2024 ἔχει
1115 1930 1180 2024 γάρ
1207 1936 1268 2024 ἀρ-

159 2061 193 2112 15
208 2039 274 2132 χὴν
297 2050 420 2114 οἱκεὶαν
442 2044 464 2127 ἡ
487 2040 577 2134 ψυχὴ
599 2049 659 2128 τῆς
681 2054 726 2125 εἱς
751 2043 789 2114 τύ
812 2043 935 2129 νοητδν
962 2051 1183 2134 περιαγωγῆς,
1211 2051 1268 2114 καὶ

212 2159 272 2239 τῆς
294 2154 510 2234 ἀποστάσεως
531 2159 592 2241 μὲν
614 2153 681 2222 ἀπὸ
704 2161 770 2223 τῶν
791 2163 1006 2243 γιγνομένων,
1036 2162 1091 2224 ἐπὶ
1112 2161 1147 2227 δὲ
1168 2155 1208 2226 τδ
1231 2152 1270 2226 ἀν

211 2271 268 2335 καλ
289 2263 327 2335 τὸ
351 2271 452 2334 θεῖον
467 2270 629 2358 συναφῆς.
667 2265 737 2334 οὐδ’
753 2265 867 2346 αὐτοῖς
882 2271 979 2345 θεοῖς
993 2264 1055 2350 τὴν
1070 2274 1269 2357 εἱμαρμένην

159 2391 193 2443 18
211 2376 399 2470 ἀνήψαμεν,
430 2373 488 2456 οῦς
511 2376 555 2455 ὡς
576 2378 720 2467 λντῆρας
741 2382 801 2460 τῆς
822 2382 1020 2466 εἱμαρμένης
1048 2381 1082 2446 έν
1111 2403 1146 2446 τε
1168 2385 1268 2470 ἱεροῖς

212 2495 270 2559 καὶ
292 2489 426 2572 ξοάνοις
448 2486 691 2580 θεραπεύομεν.
736 2487 810 2556 ἀλλ’
830 2494 863 2556 οἱ
884 2493 944 2576 μὲν
967 2491 1046 2558 θεοὶ
1068 2487 1182 2558 λύουσι
1206 2487 1268 2571 τήν

282 2714 308 2765 5.
335 2709 384 2780 δὴ]
408 2712 436 2764 δὲ
454 2712 486 2763 Α.
628 2709 655 2763 8.
682 2708 844 2778 κωλύσεως]
867 2709 903 2762 εἰσ
923 2711 982 2777 ΑΟ,
1010 2710 1159 2772 κακλάσεως
1180 2711 1269 2773 Fescb,

281 2794 395 2866 κλήσεως
413 2797 447 2861 l),
472 2794 594 2866 κινήσεως
612 2796 646 2859 0,
673 2791 825 2857 ἀναλύσεως
844 2798 904 2862 Reg.
996 2799 1038 2852 19.
1066 2797 1172 2862 ξοάνοις
1190 2798 1223 2851 0.

211 2999 278 3057 (luas
300 2998 381 3056 babet
403 3002 518 3068 animas,
545 2999 618 3077 qued
641 3003 700 3078 ipsa
723 2999 857 3056 llermetis
884 3021 959 3058 surra
986 3003 1088 3078 scripta
1109 3001 1268 3069 ostendunt3

211 3106 264 3157 une
285 3095 327 3142 est
344 3107 360 3141 u
381 3088 469 3164 primo
487 3084 664 3164 intelligibili,
687 3088 831 3164 participet
851 3089 931 3143 etiem
953 3085 988 3142 δε
1010 3089 1130 3164 potentie
1153 3087 1269 3163 opificis,

212 3171 295 3228 ultera
313 3191 378 3228 reru
397 3172 476 3228 nobis
494 3171 597 3228 inditur
608 3193 641 3230 ex
653 3174 767 3230 eireuitu
779 3171 934 3229 caelestium
952 3171 1118 3241 mundorum,
1137 3171 1172 3228 εδ
1190 3191 1269 3248 quern

211 3261 297 3313 anime
315 3256 394 3314 deum
411 3257 581 3339 speculatura
599 3254 749 3316 revertitur.
796 3257 840 3314 bis
853 3260 889 3316 ite
902 3260 999 3336 positis
1012 3259 1098 3313 anime
1111 3277 1179 3334 quae
1190 3256 1269 3313 nubis

211 3343 321 3400 advenit
338 3365 353 3400 ε
371 3344 487 3413 mundis,
505 3345 665 3401 mundorum
683 3363 790 3421 quoqne
809 3344 976 3422 obtemperat
993 3343 1118 3410 motibus,
1140 3342 1186 3400 illu
1204 3362 1269 3400 veru

211 3449 278 3506 quae
303 3430 336 3487 ab
360 3429 524 3507 intelligibili
546 3430 682 3488 derivatur
704 3429 833 3507 adestque
856 3429 1075 3507 intelligibiliter,
1101 3437 1143 3483 est
1161 3426 1270 3503 quidem

211 3535 292 3592 supra
311 3516 404 3571 orbem
422 3519 567 3592 geniturae,
589 3526 616 3572 et
634 3510 707 3574 iuxtu
724 3515 793 3573 bane
811 3516 942 3573 solvimur
959 3538 974 3572 a
992 3515 1038 3572 frti
1056 3511 1172 3572 vinculis
1190 3522 1217 3569 et
1232 3513 1270 3569 *ad

210 3601 277 3657 deos
296 3598 484 3658 adscendimus
502 3601 700 3679 intelligibiles,
724 3612 752 3659 et
768 3601 890 3679 theurgis
912 3604 1000 3659 omnis
1023 3621 1091 3678 quae
1109 3599 1217 3676 quidem
1235 3600 1270 3656 ed

210 3687 358 3763 ingenitum
376 3686 452 3745 (lucit
468 3690 542 3744 iuxta
560 3689 630 3745 bane
647 3691 729 3746 vitem
752 3689 899 3767 perficitur.

281 3771 343 3829 Non
360 3775 451 3850 igitur,
469 3774 543 3850 quud
560 3773 682 3852 disputes
701 3785 740 3844 tu,
763 3776 852 3831 emnia
874 3771 1064 3830 insolubilibus
1088 3770 1203 3828 vinculis
1225 3775 1305 3834 τεο-7

213 3860 348 3916 cessitetis
367 3857 441 3935 quod
458 3857 540 3916 lutum
558 3871 656 3918 rorant
674 3861 838 3918 subiicimus.
886 3859 967 3916 babet
985 3879 1049 3915 sune
1067 3861 1153 3916 anime
1169 3862 1270 3939 'prinei-

211 3947 286 4023 pium
304 3947 332 4001 in
351 3966 382 4003 se
398 3946 546 4024 proprium,
566 3965 620 4024 quo
636 3948 726 4024 possit
743 3946 778 4002 ud
796 3944 965 4023 intelligibile
977 3947 1120 4003 restituere
1132 3966 1162 4003 se
1174 3949 1269 4024 ipsam,

212 4041 240 4087 et
258 4052 273 4086 a
291 4031 489 4107 generabilibus
507 4031 635 4110 reingere,
655 4041 683 4088 et
701 4031 734 4088 ad
752 4031 781 4088 id
794 4032 866 4109 quod
878 4042 928 4101 est,
948 4031 1073 4108 qnodque
1086 4031 1206 4089 (livinum
1218 4041 1268 4099 est,

212 4138 242 4174 se
260 4120 347 4196 ipsum
366 4127 534 4175 connectere.
581 4117 629 4174 sed
651 4137 702 4174 nee
725 4117 778 4175 diis
803 4121 871 4196 ipsis
893 4117 975 4176 iatum
998 4117 1175 4196 applicemus,
1200 4136 1269 4193 quos

212 4213 345 4283 tamquam
363 4202 409 4262 iuti
428 4223 591 4264 everruneos
614 4206 642 4261 in
667 4203 775 4282 templis
798 4207 949 4284 statuisque
971 4203 1090 4262 colimus.
1137 4211 1208 4258 certe
1230 4201 1269 4258 dii
