2776 4876
159 327 213 382 ³⁰⁰
262 384 270 391 .

160 482 375 557 ἀπομερίζεσθαι
392 481 436 548 67,
448 482 475 536 8.

160 569 320 642 ἀπομηκύνω
337 568 400 635 290,
412 571 439 624 5.

160 652 368 728 ἀπονενεμησθω
386 656 448 721 243,
462 653 556 709 1213.

160 739 354 812 ἀπονενίμηται
371 742 434 808 275,
443 742 473 812 6,
492 741 553 802 281,
566 741 592 795 8.

161 826 359 885 ἀποπαόεσθαι
366 828 414 898 τῆς
423 831 548 897 βακχείας
568 826 628 890 118,
638 827 662 880 7.

161 912 349 988 ἀποπλήρωσιν
361 915 459 971 παθῶν
477 915 520 980 65,
529 914 559 982 3,
574 943 605 955 -
619 933 664 967 τε·

196 1006 270 1056 λείαν
281 1003 344 1068 238,
355 1002 403 1072 10,
417 1028 452 1040 -
463 1003 591 1073 τιμωρίας
604 998 663 1063 188,

198 1089 241 1143 12.
257 1089 303 1157 13,
323 1119 355 1129 -
378 1091 427 1157 τῆς
451 1092 531 1147 θείας
553 1085 665 1146 ἔνοίσεως

197 1175 248 1231 τῶν
266 1174 357 1245 ψυχῶν
374 1174 493 1238 291,12.

163 1259 350 1333 ἀποπληρονσις
379 1260 508 1329 215,12,
544 1287 579 1298 ··-
614 1260 665 1312 τάν

197 1352 280 1402 θείων
299 1352 376 1420 ἔρχων
396 1347 529 1413 150,1.2.

163 1431 356 1506 ἀποπληρωτὴν
377 1437 426 1503 τῆς
448 1437 521 1506 ἱεροῖς
538 1435 665 1506 ἐνεργείας

199 1522 259 1586 144,
277 1523 302 1575 2.
315 1522 341 1575 3.
581 1582 584 1588 ¹

164 1603 359 1679 ἀποπληρωτης
376 1607 492 1672 280,11.

164 1691 381 1764 ἀποπληρωτικίην
397 1693 496 1758 67,13.

164 1777 385 1850 ἀποπληρωτικόν
402 1780 464 1843 240,
478 1779 503 1830 4.

164 1863 360 1938 ἀποπληρωτῶν
372 1867 419 1934 της
431 1866 582 1933 θυηπολίας
603 1861 665 1928 236,

202 1953 296 2006 1213.

164 2036 281 2111 ἀπορίαν
299 2035 467 2111 πολύτροπον
484 2037 601 2102 272,15.

164 2122 279 2199 ἀπορίας
301 2121 413 2185 ἀναξίας
434 2127 485 2177 τῶν
507 2123 579 2179 θεῶν
604 2123 666 2187 205,

200 2213 269 2277 6.7,
305 2239 338 2249 -
376 2209 586 2284 παρενοχλοόσας
609 2219 666 2271 τοῖς

200 2296 354 2370 ἀνθρώποις
373 2298 434 2363 143,
446 2298 471 2351 8.
481 2298 506 2351 9.

166 2383 343 2458 ἀπορρησσειν
361 2384 422 2449 137,
433 2384 457 2436 6.

166 2469 287 2545 ἀπορροίη
304 2472 366 2536 214,
380 2471 420 2525 13,

166 2556 300 2631 ἀπόρροια
311 2555 366 2612 ἀπὸ
378 2558 428 2612 τῶν
437 2554 542 2630 ἀστρων
553 2556 615 2621 276,
625 2555 667 2608 14.

167 2642 326 2719 ἀπορροίαις
343 2649 369 2704 ίξ
387 2640 504 2717 οάρανοῦ
526 2643 585 2708 169,
601 2642 640 2696 11.

166 2728 315 2803 ἀπόρροιαν
331 2731 393 2793 274,
405 2732 430 2784 5.

167 2813 316 2888 ἀπορροίας
342 2816 429 2882 55,5;
461 2847 493 2857 -
523 2815 668 2875 κατιούσας

203 2901 367 2969 173,14.15,
386 2928 420 2938 -
439 2906 536 2964 οἰκείας
550 2903 667 2967 194,11,

201 3016 236 3027 -
254 2987 305 3043 τῶν
322 2987 450 3060 οὗρανίων
469 2989 529 3052 137,
541 2988 584 3042 17.

167 3072 317 3149 ἀπορροιῶν
335 3071 387 3131 ἀπ’
401 3073 516 3149 οὐρανοῦ
528 3097 667 3146 καταπεμ-

202 3167 321 3233 πομίνων
341 3163 399 3227 169,
414 3163 454 3217 16.

168 3246 355 3320 ἀποσεμνύνων
373 3251 416 3312 66,
429 3251 454 3304 9.

168 3330 344 3396 ἀποστάσεως
361 3336 476 3401 269,16.

168 3419 319 3497 ἀπόστασις
364 3423 413 3478 τῶν
458 3426 667 3495 καταδεεστέραν

200 3511 263 3574 272,
281 3510 307 3564 4.

167 3592 375 3665 ἀποστίλβουσαν
393 3596 489 3660 86,13.

167 3680 328 3754 ἀποστροφὴ
346 3680 403 3737 ἀπὸ
420 3685 470 3736 τῶν
483 3686 553 3738 θεῶν
570 3683 667 3749 43,14.

167 3765 371 3824 ἀποτελεστικὸν
390 3771 488 3834 74,16.

168 3851 348 3923 ἀποτυγχάνει
372 3857 430 3920 103,
442 3857 467 3910 7.

168 3938 342 3997 ἀποτυποῦσι
361 3940 420 4007 136,
434 3943 459 3994 5.

168 4025 359 4084 ἀποτυποῦται
378 4027 423 4079 διοὶ
441 4026 545 4081 εἰκόνων
572 4030 667 4094 65,10.

167 4111 375 4184 ἀποτυπώματα
393 4108 482 4181 ἀληθῆ
500 4114 598 4176 95,11.

169 4195 273 4270 ἀποχῆς
291 4198 413 4270 ίμψόχων
431 4198 545 4264 201,13.

712 477 886 554 ἀποχρώντως
908 478 952 545 49,
963 479 988 534 8.

712 565 817 622 ἀπτῶτι
834 564 902 636 λόγῳ
922 567 981 631 162,
993 565 1034 616 11.

712 653 848 728 ἀραρότως
867 658 912 708 καί
930 652 1073 724 ὥρισμίνως
1099 649 1217 714 162,12.

712 740 794 815 ἀρδην
812 738 987 796 ἀπόλλυσθαι
1010 737 1181 803 108,10.11.

708 826 799 902 Ἀρεος
817 825 953 901 ἀπόρροια
971 825 1088 895 κινητικη
1106 825 1150 886 55,
1163 823 1189 876 7.

713 913 783 971 καθ’
797 913 919 986 ἀριθμὸν
938 911 1086 984 διηρῇσθαι
1104 913 1147 976 75,
1158 911 1200 964 18.

713 1002 763 1057 τῶν
782 999 886 1074 ἀρκτων
903 999 1021 1065 273,16.

713 1089 832 1162 ἁρμονία
848 1085 899 1142 τοῦ
919 1088 1043 1158 σώματος
1064 1085 1165 1150 34,12.

713 1177 830 1249 ἁρμονία
859 1177 905 1228 καὶ
934 1171 1026 1246 κράσει
1061 1173 1105 1236 56,
1125 1173 1156 1236 7,
1184 1200 1221 1210 -

748 1262 828 1335 νοητῇ
847 1259 949 1327 81,18,
976 1289 1012 1300 -
1036 1257 1220 1332 ἰπνσκευαστῇ

749 1352 794 1403 καὶ
813 1350 948 1403 πολυειδεῖ
966 1347 1026 1410 171,
1039 1345 1065 1399 8.

714 1435 844 1509 δρμονίαν
861 1433 911 1489 τοῦ
929 1431 1034 1504 κόσμου
1053 1431 1113 1497 194,
1132 1431 1165 1495 2,
1183 1459 1220 1470 -

749 1521 800 1576 τοῦ
812 1522 914 1582 παντός
933 1519 1037 1587 192,5,
1057 1549 1089 1559 -
1108 1523 1156 1573 καὶ
1174 1542 1222 1590 φι-

750 1611 809 1662 λίαν
828 1609 889 1672 195,
901 1607 926 1661 7.

715 1694 845 1769 ἀρμονίας
857 1698 938 1755 θείας
950 1692 1068 1759 119,10,
1080 1720 1116 1730 -
1129 1695 1155 1750 ἐξ
1166 1689 1221 1762 ἀρ-

749 1786 842 1854 μονίας
861 1785 907 1835 καί
924 1781 1034 1853 ῥυθμοῦ
1057 1779 1117 1842 120,
1126 1778 1153 1831 4.

715 1867 829 1943 ἀρρητος
848 1866 956 1939 δόναμις
973 1868 1023 1920 τῶν
1041 1867 1112 1919 θεῶν
1135 1862 1179 1928 97,
1192 1864 1218 1916 6.

715 1954 855 2031 ἀρσενικόν
878 1957 923 2009 καὶ
941 1955 1062 2024 θηλυκῶν
1079 1955 1220 2020 στοιχείων

749 2040 811 2107 264,
829 2041 855 2095 6.

715 2126 799 2200 ἀρχὰς
816 2126 998 2197 χνησιωτάτας
1017 2125 1078 2190 107,
1090 2125 1115 2179 9.

715 2213 783 2288 ἀρχὴ
801 2214 965 2285 πλασμάτων
982 2213 1044 2278 286,
1061 2212 1103 2264 17.

717 2299 845 2374 ἀρχηχικη
863 2305 940 2354 αίτία
959 2299 1018 2363 102,
1032 2299 1056 2350 4.

717 2385 848 2460 ἀρχηχούς
866 2383 916 2439 τῶν
934 2381 1066 2456 δαιμόνων
1082 2384 1180 2445 214,1.
1193 2384 1217 2438 2,

717 2471 800 2548 ἀρχὴν
817 2473 866 2542 τῆς
885 2470 972 2544 φοράς
989 2471 1160 2535 252,16.17.

716 2559 848 2633 ἀρώματα
864 2558 982 2622 233,13.

716 2645 846 2703 ἀσθένεια
854 2644 905 2700 τῶν
915 2642 1008 2700 ίνόλων
1015 2645 1106 2699 τόπων
1123 2645 1168 2709 55,
1178 2645 1216 2696 13.

716 2732 804 2791 ἀσιτεῖ
821 2735 868 2805 τὴν
885 2733 987 2804 ἡμέραν
998 2735 1044 2784 καί
1054 2729 1137 2784 νύκτα
1157 2731 1217 2797 125,

752 2820 849 2873 1314.

716 2912 741 2960 ἰν
754 2903 917 2975 Ἀσκληπιοῦ
934 2905 994 2968 108,
1007 2904 1032 2957 7.

713 2991 862 3065 Ἀσσυρίων
880 2992 942 3056 256,
955 2991 986 3059 6,
1005 3019 1040 3030 -
1058 2989 1161 3064 πάτρια
1173 2989 1219 3044 δό-

750 3102 841 3152 γματα
858 3080 883 3142 5,
896 3077 921 3131 8.

715 3163 897 3237 ἀστάθμητον
909 3169 954 3219 καὶ
966 3160 1138 3236 ἀνάρμοστον
1157 3162 1217 3230 165,

715 3335 837 3393 ἀστατον
862 3340 907 3390 καὶ
929 3333 1122 3390 ἀκατάστατον
1140 3341 1219 3407 μέλος

752 3424 812 3489 118,
830 3424 855 3476 9.
866 3423 908 3475 10.

716 3507 832 3583 ἀστέρας
851 3506 977 3569 ἀπλανεῖς
994 3508 1057 3574 278,
1075 3511 1100 3562 4.

716 3594 832 3670 ἀστέρων
852 3595 912 3660 135,
930 3597 956 3649 4.
969 3597 1000 3660 5,
1032 3624 1065 3636 -
1096 3595 1219 3662 κινήσεως

751 3683 870 3747 26815,
888 3710 923 3720 -
942 3678 1151 3753 περιπολοόντων
1161 3679 1220 3744 169,

751 3770 817 3834 23,
855 3799 886 3810 ·-
925 3767 1031 3840 φάσεων
1057 3767 1075 3836 ἢ
1101 3767 1220 3840 κρόψεων

751 3856 813 3920 266,
829 3854 855 3908 8.

716 3941 866 4014 ἀστράπτει
884 3943 926 4006 77,
946 3944 988 3994 10.

717 4028 822 4102 ἀστρων
839 4029 900 4094 273,
912 4030 958 4096 15,
976 4029 1038 4095 276,
1049 4029 1118 4081 Met
1128 4029 1177 4092 16,
1189 4058 1219 4068 -

754 4120 838 4188 φοραί
856 4116 969 4181 137,10.

719 4199 807 4258 άσυλα
826 4203 883 4276 ίερά
901 4203 963 4269 259,
975 4204 1000 4255 2.
