2776 4876
142 421 154 438 Ι
211 338 238 403 ⁵,
250 341 284 392 10
1215 341 1270 405 tte

211 491 287 559 οὐδὲ
312 501 381 569 τοῖς
401 495 463 577 μέν
485 488 599 570 ἄλλοις
620 489 713 573 ζώοις
741 492 776 574 ἐξ
804 496 930 561 ἑαυτῶν
953 498 1099 586 ἔμφυτον
1125 501 1267 584 παρέσχε

211 600 272 684 τὴν
295 601 455 690 εὐπορίαν
477 607 542 669 τῶν
563 602 648 675 καθ’
666 602 794 690 ἡμέραν
817 607 1016 686 ἐπιτηδείων,
1040 618 1109 684 τοῖς
1130 608 1268 692 δαίμοσι

174 716 244 782 aot
267 717 461 780 ἐπείσακτον
483 718 539 781 καί
561 713 641 802 παρ’
664 714 757 800 ἡμῶν
786 720 852 782 τῶν
874 713 1066 805 ἀνθρώπων
1095 719 1269 787 συντελου-

209 829 313 909 μένην
343 825 440 890 έδωκε
469 821 531 906 τὴν
561 822 763 916 διατροφήν·
792 829 848 897 καὶ
877 825 921 905 ὠς
943 829 1059 906 όοιιιεν,
1087 822 1146 894 ἐόν
1173 825 1267 913 ἡμεῖς
1323 872 1327 907 ;

211 932 253 1000 δι’
273 932 395 1018 ἀργίαν
417 931 439 1016 ἢ
462 931 567 1017 ἄλλην
588 930 663 1009 τινὰ
684 932 857 1026 πρόφασιν
876 936 1192 1026 κατολιγωρήσωμευ
1207 939 1275 1020 τῆς,

175 1069 191 1118 e
210 1042 363 1125 τοιαύτης
386 1048 554 1136 εἰσφορᾶς,
576 1047 673 1127 ἐνδεῆ
688 1049 753 1112 τῶν
774 1043 941 1131 δαιμόνων
955 1043 998 1121 τὰ
1014 1046 1152 1135 σώματα
1167 1051 1269 1130 ἐσται,

211 1154 438 1242 ἀσυμμετρίας
458 1181 492 1223 τε
514 1159 571 1223 καὶ
593 1154 732 1237 ἀταξίας
753 1157 897 1243 μεθέξει.
1093 1244 1095 1249 Ι

297 1262 359 1335 Διό
382 1270 415 1332 τί
437 1258 497 1334 οὖν
520 1271 552 1332 οἱ
574 1269 844 1352 ταῦτα’,λέγοντες
865 1265 905 1334 οὐ
923 1271 980 1335 καὶ
1001 1265 1062 1360 τὴν
1082 1265 1165 1351 ὅλην
1184 1268 1267 1336 ἀνοι-

176 1397 192 1447 9
210 1383 388 1467 στρέφουσι
410 1372 514 1456 τόξιν,
537 1373 620 1444 ὥστε
642 1377 730 1463 ἡμᾶς
752 1385 788 1445 ἐν
808 1382 958 1446 καλλίονι
971 1393 1077 1448 ποιεῖν
1099 1378 1190 1461 τόξει
1210 1384 1267 1451 καὶ

210 1491 469 1578 δννατωτίρουςς
503 1493 531 1554 εί
558 1483 623 1576 yolo
651 1493 797 1578 τροφέας
826 1489 914 1575 ἡμᾶς
941 1495 997 1557 καί
1025 1487 1267 1580 όποπληρωτάς

209 1602 342 1674 ποιοῦσι
362 1601 427 1664 τῶν
452 1594 630 1685 δαιμόνων,
653 1598 746 1681 ἡμεῖς
768 1604 833 1664 τῶν
856 1598 1023 1684 δαιμόνων
1045 1601 1198 1688 ἐσόμεθα
1214 1609 1266 1670 αλ-

158 1726 192 1778 12
210 1707 365 1795 τιοίτεροι.
411 1715 550 1776 έκαστον
572 1711 636 1797 γάρ
660 1709 722 1798 ἀφ’
742 1701 782 1776 οὗ
804 1716 951 1794 γέγονεν,
980 1706 1048 1776 ἀπό
1071 1710 1267 1781 τούτουκαὶ

210 1816 270 1901 τὴν
299 1815 430 1912 τροφίην
462 1823 518 1887 καὶ
553 1817 738 1900 τελειότητα
772 1818 1032 1907 προσλαμβάνω.
1083 1827 1139 1889 καὶ
1167 1826 1265 1898 τοῦτο

211 1930 276 1996 ίδοι
297 1934 358 2015 μὲν
379 1927 423 1998 ίίν
446 1956 494 2009 τις
515 1933 572 1997 καί
594 1935 647 1998 ἐπὶ
670 1934 735 1997 τῶν
758 1934 913 2024 φανερῶν
934 1938 1099 2016 γενέσεων.
1141 1934 1209 2000 ἔστι
1231 1935 1266 2000 δέ

160 2064 192 2114 15
209 2044 264 2108 καὶ
287 2045 337 2109 ἐπί
362 2045 427 2108 τῶν
448 2045 613 2126 νοσμιιιοῑν
636 2044 792 2129 θεωρεῖν·
814 2045 871 2108 καὶ
892 2042 957 2131 γάρ
972 2041 1015 2112 τὰ
1030 2047 1177 2129 περίγεια
1199 2041 1266 2110 ἀπὸ

211 2155 277 2220 τῶν
300 2152 464 2241 οὐρανίων
486 2150 651 2244 τρέφεται.
695 2151 783 2222 πολίι
810 2157 844 2220 δέ
874 2152 1097 2242 διαφερόντως
1126 2157 1178 2221 ἐπὶ
1200 2156 1266 2220 τῶν

213 2261 354 2352 ἀφανῶν
378 2269 491 2331 αἰτίων
519 2262 709 2346 κατάδηλον
737 2269 871 2349 γίνεται.
917 2260 1007 2355 φυχὴ
1029 2269 1089 2348 μέν
1111 2263 1176 2349 γὰρ
1198 2258 1266 2331 ἀπὸ

158 2392 192 2444 18
211 2379 272 2442 νοῦ
294 2378 482 2456 τελειοῦται,
504 2372 604 2467 φόσις
626 2377 661 2441 δέ
683 2370 750 2441 ἀπὸ
766 2377 883 2464 φυχῆς,
905 2373 946 2442 τό
962 2399 996 2442 τε
1011 2373 1097 2442 ἄλλα
1113 2372 1267 2451 ὡσαύτως

281 2601 306 2651 1.
334 2597 449 2667 ἑαυτῶν]
468 2596 555 2654 αὐτῶν
583 2601 615 2652 l).
699 2603 722 2652 5.
751 2598 994 2671 ιιατολιμωρησσμεν
1016 2600 1068 2661 AC,
1093 2595 1265 2669 κατοληορὴ-

281 2703 365 2754 σαμεν
384 2685 417 2736 1).
525 2687 567 2738 10.
595 2683 809 2756 δυνατωτίρους]
829 2684 864 2736 aie
882 2688 912 2747 Α,
943 2688 1146 2758 δυνατωτέρους
1164 2685 1193 2749 C,
1221 2688 1265 2737 δυ-

281 2772 415 2841 νατωτίρηι
433 2771 466 2824 0.
538 2774 580 2826 1³.
608 2787 664 2827 aute
682 2769 835 2839 τελειότητα
853 2772 877 2822 D
897 2773 953 2823 adt.
971 2773 1017 2824 τοὶ.
1090 2773 1132 2826 15.
1160 2774 1266 2842 περίηια

283 2856 334 2910 ὑπό
354 2858 388 2908 D.

210 3082 298 3128 menta
320 3071 475 3148 quotidiam
498 3072 645 3129 eorundem
666 3089 749 3148 opera
769 3071 899 3148 parabilia
922 3075 1099 3150 praestiterit,
1124 3072 1267 3129 daemonas

211 3160 319 3214 interim
338 3157 488 3215 dimensum
506 3156 613 3216 aliunde
632 3169 774 3236 expectare
791 3160 914 3226 inruerit,
937 3168 965 3214 et
983 3179 998 3213 a
1016 3157 1096 3215 nobie
1113 3155 1267 3215 hominibus

212 3243 416 3301 conficiendum.
463 3253 544 3321 atque
562 3246 607 3312 ita,
625 3246 665 3300 uti
682 3244 798 3311 videtur,
816 3246 840 3304 ei
858 3243 928 3301 torte
945 3263 996 3302 nea
1012 3263 1064 3322 per
1081 3240 1267 3318 negligentiam
1299 3273 1303 3282 ·

210 3328 255 3388 vel
274 3332 368 3407 quavis
386 3330 437 3388 alia
456 3331 490 3387 de
508 3351 586 3388 ceusu
604 3331 696 3386 viatici
718 3329 873 3407 praestandi
895 3332 1065 3391 immemores
1088 3329 1185 3394 simum
1203 3347 1267 3389 ὀοτ·

209 3438 276 3496 pora
294 3419 453 3475 daemonum
470 3418 535 3472 satie
553 3418 681 3483 esurient,
699 3416 873 3492 incidentque
891 3418 920 3473 in
938 3415 1047 3473 morbos
1059 3412 1227 3471 inordinatos
1238 3421 1267 3473 et

209 3503 356 3578 inequales.

281 3588 337 3660 Qui
355 3589 436 3662 igitur
453 3585 520 3644 haee
537 3588 662 3664 probant,
684 3609 733 3647 eur
751 3609 806 3647 nou
828 3587 911 3644 iidem
930 3596 1016 3645 totum
1038 3603 1127 3679 rerum
1144 3581 1267 3640 ordinem

212 3672 385 3753 pervertunt?
412 3691 460 3727 eur
477 3691 531 3728 nou
549 3692 600 3729 noe
618 3673 792 3734 daemonibus
809 3674 963 3750 superiores
975 3672 1194 3748 potentioresque
1204 3688 1268 3746 pro·

212 3758 350 3818 nuntiant?
374 3758 398 3813 ei
411 3759 483 3815 enim
495 3757 638 3817 daemonas
650 3763 799 3821 nutriamus
811 3777 870 3826 noe,
882 3763 961 3814 etiam
972 3776 1135 3833 generemus.
1174 3775 1268 3818 nuum·

212 3844 338 3922 quodque
356 3844 425 3900 enim
444 3843 655 3914 annonantur,
674 3846 815 3906 abeodem
826 3845 928 3900 vietum
938 3852 967 3898 et
976 3843 1167 3920 perlectionem
1178 3840 1266 3899 habet

213 3952 324 3990 eernere
343 3930 455 3988 esthon
473 3931 502 3989 in
519 3930 736 4007 generationibus
755 3928 932 4006 quotidianis3
953 3929 1003 3988 eed
1021 3939 1048 3987 et
1066 3928 1140 3989 iden
1157 3927 1222 3989 lieet
1239 3929 1271 3984 in
1335 3963 1338 3967 -

214 4016 390 4085 eaeleetibue3
413 4018 553 4077 terreetnia
575 4018 676 4094 qnippe
698 4037 712 4070 a
735 4013 896 4074 caelestibus
919 4018 1078 4074 nutriuntur.
1128 4015 1158 4075 id
1179 4016 1270 4091 ipsum

214 4101 299 4160 multo
319 4101 486 4162 manifestius
504 4105 593 4161 estin
612 4103 699 4159 eaueie
717 4101 839 4161 ooeultie.
882 4104 968 4162 anima
990 4104 1062 4160 enim
1085 4108 1206 4159 amente
1223 4119 1271 4176 pa·

216 4193 300 4248 suitur
317 4199 346 4246 et
362 4191 510 4268 perficitur,
528 4189 626 4249 deinde
642 4197 736 4250 natura
754 4189 787 4247 ab
805 4191 900 4258 anima,
918 4188 1023 4267 aliaque
1040 4185 1163 4246 similiter
1181 4204 1196 4241 a
1211 4185 1273 4247 wie
