2776 4876
193 352 230 409 ω
1200 345 1253 407 λε

195 509 322 576 ἑαυτῶν
344 508 524 594 συμφαίνει
545 499 588 568 τά
602 504 717 591 πρῶτα
732 495 809 577 τοάς
823 497 970 583 πρώτους
984 503 1041 564 καὶ
1056 493 1099 563 τά
1115 495 1254 586 δεύτερα

196 613 273 697 τούς
294 619 462 702 δευτέρους
485 620 520 682 ευ
536 614 663 697 ἑκάστῳ
684 614 751 677 τῶν
765 613 865 699 τριῶν
883 607 1016 687 τούτων,
1038 611 1096 674 καὶ
1109 604 1152 673 roi
1167 605 1255 673 ἀλλα

198 729 242 808 ἀς
263 735 384 796 ίκαστα
406 728 625 793 διατέτακται.
1273 735 1289 785 3

160 858 181 917 8
286 841 358 907 Καὶ
379 834 447 925 μὴν
468 835 530 920 τήν
551 860 588 922 γε
610 832 793 913 λεπτότητα
824 834 885 898 τοῦ
907 828 1019 921 φωτὸς
1040 837 1072 897 οἱ
1093 835 1154 916 μὲν
1174 833 1255 897 θεοὶ

199 946 366 1030 τοσαύτην
389 945 638 1035 ἐπιλάμπουσιν,
666 945 710 1023 ὡς
737 939 979 1030 μὴδύνασθαι
1002 952 1122 1030 χωρεῖν
1151 934 1257 1021 αὐτὴν

199 1056 277 1140 τούς
299 1055 505 1146 σωματικούς
527 1053 742 1151 ὀφθαλμούς,
763 1048 850 1120 ἀλλά
872 1056 929 1119 καὶ
943 1050 1025 1120 αὐτὸ
1039 1051 1177 1139 πάσχειν
1192 1055 1257 1118 τῶν
1274 1075 1291 1125 ς

200 1168 328 1261 ίχθείοιυ
350 1179 420 1249 τοῖς
443 1164 511 1235 ἀπὸ
534 1172 684 1255 θολερᾶς
696 1170 753 1233 καί
768 1167 907 1251 παχείας
919 1161 1100 1253 ὑγρότητος
1115 1171 1159 1242 είς
1173 1163 1257 1251 ἀέρα

201 1277 322 1350 λεπτάν
344 1285 401 1348 καί
423 1282 575 1372 διαφανῆ
596 1278 855 1363 ἀνασπωμίνοις.
900 1279 957 1343 καὶ
977 1272 1042 1363 γάρ
1065 1281 1097 1341 οί
1119 1272 1257 1362 ἀνθρω-

201 1417 258 1462 ποι
288 1398 318 1460 οἱ
348 1395 476 1481 θεωρολ
505 1395 565 1458 τοῦ
595 1392 695 1457 θείου
715 1384 818 1477 πυρὸς
841 1388 881 1455 οὐ
910 1384 1086 1472 δυνάμενοι
1114 1382 1170 1452 διά
1198 1382 1292 1466 τὴνυ

202 1492 386 1584 λεπτότητα
421 1505 482 1568 τοῦ
514 1505 615 1568 θείου
646 1497 770 1581 πυρὸς·
783 1497 944 1565 ἀναπνεῖν
979 1497 1259 1584 ἀλιγοδρανσῦσιν,

202 1615 246 1692 ἀς
267 1616 348 1682 ίδεῖν
371 1616 559 1705 φαίνονται,
587 1614 644 1677 καὶ
672 1614 732 1677 τοῦ
760 1606 935 1701 συμρκίτου
962 1607 1147 1695 πνεύματος
1175 1607 1260 1674 ἀπο-

202 1726 375 1791 κλείονται.
421 1720 619 1812 ἀρχάγγελοι
643 1723 676 1787 δὲ
700 1719 759 1787 οὐκ
781 1717 921 1802 ἀνεκτὴν
947 1724 1008 1806 μὲν
1036 1726 1080 1798 είς
1107 1715 1146 1786 τὸ
1175 1719 1260 1786 ἀνα·
1278 1733 1312 1784 12

203 1845 296 1902 πνεῖν
319 1832 393 1901 οὐδὲ
416 1832 512 1902 αὐτοὶ
534 1829 595 1916 τὴν
610 1828 833 1922 καθαρότητα
848 1814 1116 1916 ἀποστίλβουσιν,
1140 1830 1179 1898 οὐ
1193 1827 1260 1918 μὴν

204 1943 326 2032 ὁμοίως
347 1969 384 2030 γε
407 1942 582 2036 ἀφόρητον
602 1951 673 2022 τοῖς
694 1947 885 2032 κρείττοσιν.
932 1948 968 2009 αί
984 1944 1018 2010 δὲ
1033 1945 1098 2009 τῶν
1114 1941 1261 2028 ἀγγέλων

203 2059 385 2144 παρουσίαι
407 2051 559 2148 φορητὴν
580 2057 640 2121 τοῦ
668 2053 766 2146 ἀέρος
790 2057 909 2143 κράσιν
940 2052 1150 2133 ἐπιτελοῦσιν,
1178 2049 1261 2120 ὥστε
1280 2069 1313 2122 15

204 2164 378 2234 δύνασθαι
402 2160 505 2247 αὐτὴν
533 2169 589 2232 καὶ
617 2176 687 2244 τοῖς
715 2169 893 2255 θεουρμοῖς
922 2162 1162 2234 συνάπτεσθαι.
1208 2167 1263 2229 ἐπὶ

204 2279 239 2345 δε
261 2281 327 2345 τῶν
350 2273 516 2362 δαιμόνων
539 2275 634 2344 οὐδὲν
663 2277 681 2343 ὁ
712 2274 790 2353 ὅλος
822 2275 889 2364 ἀὴρ
912 2273 1109 2364 συμπάσχει,
1139 2274 1213 2342 οὐδὲ
1242 2273 1261 2340 ὁ

207 2391 280 2479 περὶ
303 2385 424 2467 αὐτοὺς
452 2391 672 2478 περικείμενος
700 2392 825 2473 γίνεται
854 2386 1060 2485 λεπτότερος,
1088 2385 1163 2453 οὐδὲ
1192 2389 1263 2478 φῶς
1281 2402 1315 2453 18

276 2622 302 2672 l·
329 2623 469 2691 συμβαίνει
486 2620 520 2674 D.
611 2621 635 2672 6.
664 2617 848 2690 σοιματικούς]
867 2617 1059 2689 τοῦσώματος
1079 2619 1220 2681 λ,οω.Β
1240 2635 1264 2671 et

275 2724 332 2758 oum
350 2705 453 2760 lacunas
471 2719 529 2758 nota
548 2703 603 2758 CD.
624 2699 637 2772 ΙΙ
658 2700 818 2775 ὀφθαλμούς
835 2725 886 2757 orn.
907 2704 986 2758 BCD.
1060 2706 1084 2756 7.
1112 2709 1210 2771 λχδίιιν
1229 2707 1262 2757 Ι).

277 2794 303 2845 t.
330 2793 375 2845 διὰ
394 2810 445 2843 om.
464 2791 546 2845 ABD.
663 2793 705 2845 11.
734 2791 811 2844 είδέιν
828 2791 862 2843 D.
976 2792 1018 2843 14.
1046 2785 1213 2861 ἀρχαμμίλυιν
1230 2791 1262 2844 Β.

278 2879 320 2930 ib.
348 2891 404 2929 ante
422 2874 515 2947 κρᾶσιν
535 2874 604 2929 ΑΟῙ)
623 2877 718 2929 addunt
736 2876 792 2944 τὴν.
903 2877 943 2929 lii.
972 2874 1031 2943 επὶ]
1049 2878 1106 2930 επεὶ
1123 2877 1157 2929 D.

207 3092 234 3140 et
251 3083 352 3162 primae
370 3083 478 3158 quidem
495 3087 606 3162 primos,
632 3083 764 3141 secundae
781 3083 928 3154 secundos,
953 3084 1026 3161 quod
1044 3084 1078 3140 ad
1097 3084 1200 3161 singula
1219 3084 1265 3140 bo·

207 3187 264 3226 mm
283 3170 363 3226 trium
380 3189 506 3247 genarum
524 3173 631 3238 attinet,
657 3180 684 3226 et
701 3179 791 3227 cetera
808 3169 933 3226 similiter
955 3181 1036 3248 prout
1058 3191 1149 3227 eorum
1173 3192 1265 3231 unum·

208 3252 333 3331 quodque
351 3254 496 3312 ordinatur.

169 3347 189 3407 8
277 3338 418 3398 Praeterea
436 3351 507 3399 εεειεε
526 3353 568 3400 est
585 3340 720 3399 subtilitas
739 3341 809 3399 lueis
827 3361 907 3418 quam
918 3341 956 3398 dii
971 3353 1130 3420 apparentes
1142 3342 1266 3414 fundunt,

207 3436 237 3484 ut
255 3447 313 3485 eam
331 3437 465 3504 nequeant
482 3431 615 3486 sustinere
633 3426 706 3484 oculi
725 3431 863 3506 corporei;
882 3430 961 3484 immo
980 3429 1052 3485 idem
1071 3449 1132 3485 enm
1142 3431 1265 3506 piscibus

206 3514 351 3591 patiuntur,
370 3515 417 3589 qui
435 3534 468 3570 ex
486 3514 592 3571 turbida
611 3524 639 3570 et
657 3533 746 3570 crassa
765 3535 832 3591 aqua
845 3517 980 3591 inpurum
993 3525 1021 3570 et
1033 3514 1164 3592 liquidum
1176 3520 1267 3572 atram

207 3596 390 3655 attrabuntur.
435 3597 557 3656 bomines
575 3602 646 3656 euim
665 3602 712 3676 qui
735 3600 855 3657 divinum
878 3602 965 3676 ignem
988 3611 1124 3678 spectant,
1146 3622 1201 3658 non
1223 3622 1268 3658 va·

208 3681 295 3739 lentes
313 3685 446 3762 respirare
463 3706 528 3763 prae
540 3685 690 3743 subtilitate
702 3686 787 3743 divini
800 3688 878 3764 ignis,
897 3689 1090 3765 quamprimum
1102 3687 1203 3755 vident,
1222 3687 1268 3744 de·

208 3767 304 3825 lieiunt
321 3771 424 3839 animis,
443 3771 591 3829 intercluso
609 3774 708 3852 spiritu
726 3772 849 3829 naturali.
895 3772 1046 3850 archangeli
1059 3794 1167 3849 quoque
1179 3772 1268 3851 splen·

209 3852 303 3911 (iorem
321 3857 445 3913 emittunt
462 3859 655 3935 respirantibus
673 3859 781 3936 quidem
793 3858 998 3927 intolerabilem,
1016 3880 1071 3915 non
1082 3881 1168 3937 aeque
1179 3871 1268 3917 tamen

210 3959 243 3998 ao
265 3949 308 3997 εεε
331 3939 442 3999 deorum
465 3941 604 4021 splendor.
652 3945 739 4022 angeli
763 3956 923 4025 apparentes
946 3953 1036 4002 utrem
1057 3945 1191 4014 afficiant,
1218 3945 1268 4001 sed

210 4027 338 4104 temperis
356 4026 504 4096 tolerabili,
527 4040 556 4084 et
573 4050 641 4106 quae
658 4035 748 4109 possit
768 4031 923 4089 sacerdotes
942 4035 1096 4110 contingere
1113 4036 1172 4089 siue
1189 4052 1267 4088 noxa.

210 4108 384 4170 daemonibus
403 4115 595 4192 apparentibus
613 4125 687 4173 totus
705 4125 752 4175 atr
769 4137 824 4177 non
842 4120 951 4196 patitur,
970 4139 1020 4175 nee
1039 4121 1085 4194 qui
1103 4121 1143 4175 eis
1155 4121 1269 4175 εἱειειει-

212 4193 329 4257 bauan
346 4200 433 4257 rarior
451 4198 549 4268 avadit,
570 4221 658 4278 neque
674 4206 824 4280 praeeurrit
841 4204 902 4272 lux,
927 4208 970 4261 eui
989 4211 1077 4260 atram
1098 4206 1268 4282 praeparanti
