2776 4876
213 381 336 426 mvn!
593 368 737 448 Porphyrii
754 369 877 448 epistola.

56 597 59 602 .
156 539 196 598 27
297 523 368 596 Ὅτι
389 530 525 606 πολλοῖς
547 526 565 593 ὁ
588 525 732 617 ἀγύρτης
753 531 800 613 τῷ
821 525 1045 617 κεχηνότιτῆς
1063 528 1267 613 προσδοκίας

213 637 306 724 ἡμῶν
328 639 523 706 ἐπιτίθεται.

156 755 196 817 28
305 749 401 818 Πάνυ
423 754 458 817 δέ
481 776 521 837 με
546 749 695 841 θράττει,
717 754 787 828 πῶς
808 751 852 830 ὡς
873 754 1038 840 κρείττους
1052 747 1301 840 παρακαλῶ-3

190 872 193 876 ’
211 885 306 949 μενοι
319 860 549 930 ίπιτάττονται
564 862 607 941 ὡς
620 868 756 953 χείρους,
778 866 835 930 καὶ
853 866 982 930 δίκαιον
1000 859 1083 930 εἶναι
1098 861 1268 942 ἀξιοῦντες

211 968 272 1040 τάν
291 970 500 1064 θεράποντα,
522 974 563 1040 τά
587 971 685 1041 ἀδικα
708 974 803 1042 αὐτοὶ
825 978 1057 1051 κελευσθέντες
1079 977 1163 1063 δρᾶν
1186 972 1267 1040 ὑπο-

211 1089 355 1171 μένουσι,
376 1089 433 1152 καὶ
454 1090 599 1175 καθαρῷ
621 1089 681 1172 μὲν
702 1081 749 1171 μὴ
774 1082 845 1153 ἀντι
867 1085 903 1164 ἐξ
925 1085 1133 1176 ἀφροδισίων
1150 1084 1209 1152 οὐκ
1224 1078 1268 1151 ἀν
1286 1104 1302 1158 ε

210 1200 366 1264 καλοῦντι
380 1196 611 1277 ἀπακούσαιεν,
634 1197 780 1264 adroldi
796 1193 887 1283 dyeia
903 1205 947 1276 τίς
962 1195 1144 1284 παράνομα
1159 1196 1268 1288 ἀφρο-

211 1309 301 1376 δίσια
323 1305 400 1387 τοὺς
420 1307 580 1396 τυχόντας
602 1308 661 1375 οὐκ
683 1308 846 1376 ὀκνοῦσιν.

95 1449 97 1455 ·
154 1415 195 1476 29
299 1423 371 1487 Καὶ
396 1417 463 1486 ἀπὸ
486 1417 642 1513 ἐμψύχων
664 1424 724 1506 μὲν
752 1419 880 1508 ἀποχῆς
902 1417 1067 1488 κελεύουσι
1095 1422 1163 1486 δεῖν
1186 1415 1302 1487 είναιν

210 1526 502 1623 τοὺςὺποφήτας,
531 1528 656 1616 ἵναμὴ
678 1544 748 1610 τοῖς
776 1529 843 1598 ἀπὸ
872 1538 938 1598 τῶν
960 1529 1122 1618 σωμάτων
1150 1529 1269 1616 ἀτμοῖς

207 1646 417 1730 χραίνωνται,
440 1644 536 1712 αὐτοὶ
557 1646 593 1710 δὲ
615 1642 734 1728 ἀτμοῖς
755 1647 887 1711 θυσιῶν
909 1655 978 1722 τοῖς
1000 1640 1068 1713 ἀπὸ
1090 1640 1180 1724 ζώων
1202 1639 1268 1728 μά-

212 1757 311 1819 λιστα
333 1752 549 1836 δελεάζονται,
576 1759 633 1822 καὶ
655 1758 773 1843 νεκροῦ
799 1760 860 1840 μὲν
882 1754 991 1841 ἀθιμῆ
1014 1759 1083 1822 δεῖν
1105 1754 1189 1822 εἶναι
1208 1748 1269 1821 τάν
1288 1766 1322 1816 12

198 1862 374 1951 7λινόπτην,
403 1860 460 1932 διά
487 1869 610 1956 νεκρῶν
639 1869 673 1933 δὲ
699 1862 741 1931 τά
764 1861 872 1933 πολλά
901 1864 991 1947 ζώων
1019 1872 1056 1933 αἱ
1082 1869 1270 1952 θεαμωμίαι

282 2037 306 2089 ³.
336 2039 367 2090 δέ
381 2057 433 2089 om.
453 2037 549 2089 Theod.
669 2038 749 2091 4-6.
776 2033 1133 2109 ἀξιοῦντες-ὑπομένουσι]
1157 2057 1268 2105 κατηγο-

280 2120 388 2193 ροῦντες
412 2120 459 2176 cdv
478 2124 638 2194 θεράποντα
656 2123 823 2186 κολάζεσθαι
840 2125 878 2176 τοὶ
901 2120 981 2177 ἀδικα
1000 2125 1165 2195 πράττοντα,
1189 2120 1269 2176 αὐτοὶ

279 2211 464 2268 κελευσθέντες
481 2205 561 2262 ἄδικα
578 2209 643 2280 δρᾶν
662 2208 846 2280 ὖπομίνουσιν.
875 2211 971 2264 Theod.
1109 2213 1189 2263 6-7.
1216 2204 1266 2262 οάκ

278 2292 514 2361 -ὖπακούσαεενῙ
533 2294 656 2349 καλοῦντι
674 2293 722 2362 οὐχ
740 2295 931 2360 ὑπακούουσιν.
950 2297 1048 2350 Theod.
1149 2299 1174 2348 8.
1201 2295 1267 2354 τούς

278 2379 425 2448 τυχόντας]
444 2383 507 2442 τούς
525 2381 665 2441 τοιούτους
682 2380 703 2451 ἤ
718 2381 819 2453 μᾶλλον
838 2388 919 2436 εἰπεῖν
936 2384 1000 2444 τοὺς
1012 2384 1152 2450 τυχόντας.
1175 2383 1267 2433 Euseb.

219 2468 222 2475 ’
278 2469 304 2531 5,
324 2469 348 2520 7.
448 2469 471 2521 9.
500 2471 545 2521 καί
562 2489 612 2520 om.
632 2469 728 2520 Theod.
827 2472 922 2523 11.12.
951 2467 1048 2539 ἀτμοῖς
1066 2479 1122 2530 τοῖς
1141 2465 1197 2522 ’ἀπὸ
1217 2467 1268 2521 τῶν

278 2555 382 2607 θυσιῶν
398 2551 524 2623 μάλιστα.
545 2555 642 2607 Tbeod.
716 2557 756 2608 13.
784 2556 821 2608 τοὶ
840 2556 926 2608 πολλά
945 2575 995 2607 om.
1014 2557 1114 2608 Tbeod.

206 2693 311 2745 Fontes:
348 2693 424 2762 §.22
452 2697 482 2746 cf.
503 2695 654 2760 Augustinus
674 2696 705 2746 de
723 2694 768 2746 civ.
789 2695 838 2747 Dei
857 2699 955 2759 10,11.
1063 2693 1145 2764 §.2st
1173 2697 1269 2747 Jambl.

214 2775 217 2780 ’
278 2781 303 2840 4,
313 2780 330 2831 4
340 2795 363 2831 et
373 2783 414 2832 11.
448 2779 472 2848 ξ.
482 2780 596 2833 28-31.
616 2781 764 2833 Theodoret.
775 2801 811 2847 gr.
821 2783 863 2834 aii.
873 2802 925 2833 cur.
935 2781 1002 2850 pald
1012 2783 1083 2854 sylb.
1093 2802 1118 2851 p.
1127 2781 1268 2834 133-135

279 2864 357 2917 Gaisf.
394 2864 418 2932 ᾗ.
428 2865 542 2918 28-34.
560 2868 652 2919 Euseb.
667 2889 704 2936 pr.
718 2887 754 2920 ev.
768 2867 793 2929 5,
807 2869 856 2918 'let
866 2871 915 2931 103
937 2866 1107 2934 1‚199.200;
1126 2866 1269 2920 206-208

279 2951 352 3002 Heiu.
460 2950 537 3018 §.lib
564 2955 702 3015 brabit,
722 2957 735 3006 1
757 2970 781 3006 et
801 2956 848 3016 10;
876 2954 946 3017 6,1.

151 3121 191 3181 27
280 3119 362 3195 Quod
379 3119 548 3179 multifariam
566 3123 696 3203 deceptor
714 3125 793 3181 nobis
817 3123 930 3180 insidias
949 3134 1053 3192 struat,·
1073 3123 1266 3201 cupiditatibus

208 3210 309 3264 nostris
327 3206 420 3263 fretus.

150 3290 193 3353 Ἃ
225 3322 228 3327 ’
280 3294 322 3350 lle
341 3294 449 3370 quidem
473 3293 542 3350 illud
564 3296 737 3353 vehementer
760 3306 925 3363 commovet,
949 3295 994 3351 ubi
1018 3317 1122 3352 mecum
1144 3298 1204 3373 ipse
1226 3315 1267 3352 re·

206 3391 282 3459 puto,
309 3383 355 3457 qui
374 3381 434 3436 fieri
451 3383 548 3458 possit,
571 3392 601 3438 ut
619 3404 733 3461 quorum
750 3381 835 3439 veluti
853 3384 1034 3459 augustiorum
1057 3403 1088 3438 ae
1105 3383 1267 3438 diviniorem

207 3486 287 3543 opcm
302 3466 485 3544 imploremus,
504 3471 524 3524 ii
542 3478 630 3525 tamen
648 3469 761 3546 perinde
778 3479 808 3525 ut
825 3467 982 3524 humiliores
1001 3489 1032 3524 ac
1050 3468 1200 3525 deteriores
1220 3468 1267 3523 ob·

207 3552 306 3621 ediant,
325 3557 424 3630 quique
442 3553 554 3612 clientes
573 3557 626 3632 ipsi
644 3573 709 3610 suos
728 3558 888 3631 aequitatem
906 3554 995 3612 colere
1012 3554 1106 3624 velint,
1125 3555 1208 3611 iidem
1226 3557 1267 3610 in·

182 3680 185 3685 -
208 3641 287 3694 iustis
306 3642 425 3718 imperiis
439 3641 557 3718 obsequi
571 3644 714 3711 sustinent,
733 3642 854 3718 adeoque
867 3662 1031 3698 cumeorum
1042 3651 1105 3697 vota
1117 3661 1267 3719 precesque

207 3723 351 3802 repudient
368 3729 414 3802 qui
432 3728 466 3783 ad
485 3748 545 3784 sese
563 3731 651 3783 minus
669 3728 718 3783 aba
736 3748 766 3784 re
778 3749 892 3784 venerea
904 3730 966 3807 puri
979 3733 1151 3798 accesserint,
1170 3729 1267 3785 obvios

208 3830 330 3887 quosque
347 3821 435 3869 tamen
449 3814 487 3869 ad
504 3817 624 3871 incestos
643 3814 801 3871 concubitus
820 3835 897 3892 agere
913 3836 969 3871 non
986 3827 1132 3872 morentur.

150 3901 189 3960 29
278 3897 363 3954 Porro
388 3909 463 3956 vates
488 3900 596 3975 quidem
618 3903 834 3978 interpretesque
859 3923 923 3958 suos
941 3902 1022 3959 rebus
1045 3905 1167 3959 animatis
1185 3904 1267 3959 absti-

206 4001 270 4042 nere
286 3986 398 4054 iubent,
424 4005 457 4040 ne
481 3988 619 4062 corporeis
643 3987 856 4045 exhalationibus
879 3990 1046 4057 inficiantur,
1072 3992 1266 4047 sacrificiorum

206 4083 296 4129 tomen
315 4092 382 4149 quae
401 4093 433 4128 ex
452 4069 610 4127 animalibus
634 4075 694 4130 ficri
712 4075 802 4132 solent
818 4077 964 4154 vaporibus
983 4066 1097 4133 maiiime
1116 4080 1265 4156 capiuntur,

207 4181 237 4216 ac
256 4170 390 4216 mortuum
415 4158 524 4237 quidem
547 4179 561 4213 a
586 4178 723 4216 sacrorum
745 4182 855 4218 suorum
877 4163 1076 4241 inspectoribus
1099 4167 1170 4242 tangi
1192 4164 1266 4221 nefas

207 4266 267 4303 csse
285 4256 414 4316 statuunt,
434 4248 519 4302 eaesis
531 4255 620 4302 tamen
631 4249 750 4305 victimis
763 4249 873 4306 deorum
886 4252 1057 4307 evocationes
1070 4262 1174 4328 partem
1185 4254 1267 4309 maxi·
