2776 4876
220 366 271 421 118
1202 362 1276 428 ΜΟ

218 521 417 608 ὁειξαίμεθα
445 519 488 598 ὡς
509 518 531 601 ἡ
554 515 644 607 ψυχὴ
672 521 779 586 ταῦτα
809 521 893 604 λέγει
919 541 954 583 τε
982 521 1039 583 καὶ
1061 515 1276 608 φαντάζεται,

217 637 273 700 καὶ
295 635 363 699 έστι
384 628 505 714 ταύτης
526 630 626 713 πάθη
641 637 676 697 εκ
697 633 820 719 μικρῶν
836 626 1055 716 αίθογμότων
1071 626 1273 718 ἐγειρόμενα.

217 744 289 810 ἀλλ’
309 739 384 811 οὔτε
406 748 470 831 έχει
492 741 592 837 φύσιν
614 746 719 809 ταῦτα
742 738 815 809 οὔτε
838 740 857 807 ὁ
882 738 980 827 λόγος
1001 745 1088 829 αίρεῖ
1110 740 1169 809 ὡδὶ
1191 741 1309 809 ὑπο-3

217 853 419 940 λαμβάνειν·
441 857 510 922 πᾶν
531 857 591 940 μέν
612 850 677 943 γὰρ
700 847 739 919 τό
760 849 956 938 γιγνόμενον
976 851 1033 919 ὑπ’
1053 856 1162 920 αλτίον
1184 850 1276 932 τινὸς

215 970 371 1052 γίγνεται,
393 969 450 1033 καὶ
472 961 510 1031 τό
534 968 684 1050 συγγενές
704 959 768 1030 ὑπό
784 966 844 1030 τοῦ
859 967 1036 1049 συγγενοῦς
1057 963 1274 1042 ἀποτελεῖται,

215 1075 253 1144 τό
277 1080 312 1144 δὲ
334 1082 433 1146 θεῖον
456 1081 551 1164 ἔργον
581 1071 655 1143 οότέ
685 1071 876 1159 αὐτόματόν
898 1080 987 1143 εστιν
1015 1073 1183 1159 (ἀναίτιον
1206 1072 1309 1166 γόρσ

215 1184 254 1256 τό
276 1193 428 1256 τοιοῦτον
450 1192 506 1254 καὶ
528 1186 569 1253 οὐ
582 1184 713 1264 πάντως
729 1191 942 1272 τεταγμένον)
966 1181 1041 1255 οὔτε
1056 1186 1114 1254 ἀπ’
1134 1187 1272 1277 ἀνθρω-

215 1303 312 1382 πίνης
333 1304 442 1378 αἰτίας
464 1299 703 1383 ἀπογεννεῖται·
725 1294 902 1384 ἀλλότριον
922 1294 987 1387 γὰρ
1009 1301 1065 1364 καὶ
1093 1303 1194 1365 τοῦτο
1216 1301 1273 1365 καὶ

214 1409 458 1499 ὑποδεέστερον,
482 1405 520 1476 τό
545 1411 579 1476 δὲ
600 1405 800 1497 τελειότερον
821 1405 885 1474 ὑπὸ
907 1410 968 1475 τοῦ
982 1407 1119 1487 ἀτελοῦς
1135 1407 1193 1478 οὐκ
1208 1413 1307 1497 ίχειν

217 1519 357 1607 δύναμιν
379 1518 605 1609 παράγεσθαι.
640 1516 751 1586 πάντα
774 1514 841 1609 ἄρα
865 1517 932 1586 ἀπὸ
949 1521 1049 1598 θείας
1064 1523 1173 1598 αίτίας
1187 1519 1272 1587 σἰπο-

215 1630 397 1717 βλαστόνει
419 1627 461 1696 τό
476 1627 666 1718 προσόμοια
682 1629 763 1718 αὐτῇ
784 1634 864 1718 ἔργα
887 1627 1048 1720 φυόμενα.
1083 1630 1105 1713 ἡ
1125 1627 1190 1718 γαρ
1212 1628 1273 1698 ἆν-

218 1745 375 1832 θρωπίνη
390 1737 480 1832 ψυχὴ
495 1746 664 1826 κατέχεται
676 1739 736 1831 ὑφ’
755 1737 829 1819 ίνὸς
844 1741 948 1820 εἴδους
969 1745 1026 1809 καὶ
1048 1737 1110 1809 ὑπό
1131 1744 1192 1809 τοῦ
1207 1738 1272 1808 σοί·
1290 1752 1325 1803 12

216 1878 324 1941 ματος
344 1849 563 1938 πανταχόθεν
584 1857 817 1918 έπισκοτεῖται·
841 1851 921 1941 ὅπερ
945 1853 1007 1921 ε’έτε
1027 1854 1188 1940 Ἀμέλητα
1210 1876 1272 1919 πο-

214 1959 323 2052 ταμόν
345 1963 406 2031 ε’ίτε
429 1961 559 2044 Λήθης
579 1957 667 2049 ὕδωρ
690 1961 752 2028 ε’ίτε
774 1960 914 2050 ἄγνοιαν
928 1969 984 2032 καὶ
1005 1960 1272 2055 παραφροσύνην

214 2074 277 2142 sira
300 2070 355 2142 ὃιοὶ
376 2077 502 2141 παθῶν
524 2069 647 2157 δεσμόν
669 2072 730 2138 εἴτε
753 2074 836 2154 ζωῆς
851 2080 1004 2165 στέρησιν
1024 2071 1144 2157 ἢόλλο
1161 2100 1191 2141 τι
1206 2079 1271 2141 τῶν
1290 2093 1324 2143 15

213 2187 324 2251 κακῶν
345 2182 588 2271 ἐπονομείσειεν,
617 2181 678 2250 οὐκ
699 2179 742 2249 όν
764 2190 813 2262 τις
835 2185 974 2266 ἐπαξίως
996 2183 1087 2275 εόροι
1108 2183 1169 2267 τὴν
1191 2184 1272 2251 uiro·

214 2300 295 2362 πίαν
317 2295 420 2364 αὐτοῦ
440 2292 702 2384 προσονομοίσαι.
741 2292 821 2362 πότε
838 2289 899 2363 οὖν
911 2297 976 2364 ὑπό
991 2295 1143 2365 τοιοότον
1157 2301 1271 2386 εἱρμοῦ

284 2457 309 2508 2.
335 2454 517 2527 αλθογμότοιν
534 2452 633 2526 pauoris
652 2455 718 2507 delet
734 2455 769 2506 D.
858 2457 882 2508 1.
910 2455 1072 2528 γιγνόμενον]
1091 2456 1127 2510 sie
1145 2457 1202 2521 AD,
1228 2477 1270 2525 ys-

283 2537 393 2612 νόμενον
412 2542 446 2595 0.
517 2543 543 2593 5.
570 2538 701 2609 γίγνεται]
720 2539 756 2592 sic
770 2542 801 2605 A,
823 2544 924 2610 γίνεται
936 2541 970 2596 0.
1043 2545 1069 2597 ό.
1097 2547 1172 2597 έσται
1190 2542 1269 2596 ACD.

286 2629 329 2681 10.
356 2630 459 2686 αἰκείας
481 2626 511 2681 C.
584 2628 625 2680 11.
652 2623 741 2700 αὐτῇ]
765 2627 801 2679 sie
820 2626 874 2690 AC,
901 2622 988 2681 αὗτοῦ
1007 2627 1040 2682 Ο.
1115 2631 1156 2682 12.
1184 2649 1270 2682 κατα-

285 2715 390 2778 δίηετοιι
408 2719 440 2766 A.
525 2713 567 2766 1³.
592 2708 742 2782 Ἀμέλητα]
762 2711 916 2782 σκηνᾶσθαι
935 2704 981 2767 οὖν
1000 2713 1073 2780 σφᾶς
1090 2709 1140 2782 ἤδη
1159 2717 1270 2786 ἑσπέρας

285 2801 433 2866 γιγνομένης
451 2799 525 2870 παρὰ
542 2798 589 2850 τόν
604 2794 734 2868 Ἀμέλητα
752 2795 884 2868 ποταμόν,
903 2789 935 2852 οὗ
948 2799 979 2852 τό
993 2795 1063 2871 ὕδωρ
1075 2794 1185 2869 ἀγγεῖον
1194 2796 1269 2852 οὐδὲν

286 2887 392 2950 στέγειν.
419 2882 483 2935 Plan.
501 2903 566 2953 resp.
587 2885 629 2937 10.
648 2885 727 2938 6212.
806 2885 848 2936 15.
876 2882 1013 2956 στέρησιν]
1031 2884 1067 2937 sie
1084 2885 1165 2949 acl),
1192 2883 1269 2939 ὑστέ-

285 2987 358 3038 ρησιν
377 2966 409 3021 Ο.
430 2961 444 3035 ΙΙ
463 2964 497 3037 ἢ]
517 2972 567 3022 εἴτε
587 2969 643 3022 AD.
741 2973 781 3023 17.
810 2970 904 3041 είρμοῦ
921 2965 998 3036 (corr.
1018 2969 1139 3042 εἱργμοῦ)
1158 2971 1187 3035 C,
1215 2975 1269 3044 ελρ-

284 3050 354 3123 γμοῦ
372 3052 407 3106 D.

213 3191 394 3266 imaginatriee
411 3191 515 3248 isthaec
539 3203 678 3270 operatum
701 3204 817 3269 suntque
839 3192 906 3248 adeo
930 3194 987 3248 eius
1010 3191 1168 3250 affectiones
1191 3213 1270 3269 quae·

214 3275 275 3332 dam
292 3295 326 3333 ex
343 3274 489 3334 latentibus
506 3279 535 3335 in
553 3299 583 3334 ea
602 3281 747 3336 seminibus
766 3281 921 3336 excitataa.“
966 3280 1101 3335 enimvero
1122 3289 1185 3334 sunt
1202 3279 1269 3335 haec

213 3370 269 3416 turn
288 3382 304 3416 a
321 3371 416 3417 natura
433 3371 490 3417 tum
509 3362 541 3418 ab
561 3367 632 3421 omni
661 3369 765 3422 ratione
787 3365 880 3422 aliena.
926 3360 1054 3440 quiequid
1076 3367 1146 3420 enim
1169 3365 1213 3420 fit.
1237 3366 1271 3421 fit

213 3466 278 3503 saue
296 3447 329 3502 ab
347 3447 435 3524 aliqua
453 3469 541 3514 eausa,
564 3459 592 3504 et
609 3450 697 3507 simile
714 3473 729 3506 ε
748 3450 829 3507 simili
846 3450 1014 3528 producitur,
1037 3448 1154 3506 divinum
1178 3461 1270 3506 autem

213 3551 283 3609 opus
300 3552 387 3608 neque
408 3532 519 3589 fortuito
538 3536 591 3591 erit
609 3539 687 3602 (nam
705 3554 773 3612 quaa
791 3535 853 3592 talia
876 3546 940 3592 sunt
962 3554 1067 3593 causam
1091 3556 1146 3592 non
1169 3535 1270 3593 habeut

213 3636 299 3693 neque
316 3628 417 3674 certum
436 3619 574 3687 ordinem)
592 3641 680 3697 neque
699 3643 713 3677 a
732 3642 810 3678 eausa
833 3621 945 3679 humana
967 3632 1171 3700 progeneratur:
1196 3624 1269 3698 quie·

214 3700 280 3778 quid
298 3705 369 3758 enim
385 3704 539 3761 huiusmodi
557 3716 612 3774 est,
636 3705 753 3763 alienum
770 3717 812 3763 est
829 3717 857 3764 et
874 3708 997 3778 inferius,
1021 3720 1100 3786 atque
1119 3709 1191 3785 quod
1208 3729 1269 3786 per·

213 3785 308 3842 sectius
327 3798 440 3845 estnon
459 3790 530 3847 solet
547 3793 582 3848 ab
599 3792 790 3869 imperfectiori
807 3792 928 3870 produci.
977 3798 1066 3852 omnia
1083 3797 1165 3872 igitur
1187 3814 1267 3872 opera

214 3890 282 3949 quae
300 3883 363 3927 sunt
381 3873 514 3934 divinitati
533 3877 630 3935 similia
653 3889 798 3935 naseuntur
821 3889 849 3935 et
869 3879 1003 3957 pullulant
1026 3903 1041 3937 a
1067 3901 1145 3938 eausa
1168 3881 1266 3937 diviua.

212 3958 299 4014 anima
317 3959 388 4013 enim
404 3958 517 4017 humana
535 3974 563 4019 et
580 3965 631 4020 sub
649 3984 700 4020 una
719 3967 808 4042 specie
830 3968 982 4024 continetur
1002 3978 1030 4024 et
1052 3966 1229 4043 undequaque
1251 3988 1267 4022 a

211 4062 327 4122 corpore
344 4042 545 4115 obtenebratum
563 4049 635 4124 quod
652 4050 760 4125 quidem
778 4072 875 4130 corpus
894 4055 918 4108 si
937 4055 998 4130 quis
1016 4054 1060 4110 vel
1081 4052 1200 4110 Ameleta
1218 4053 1267 4108 flu·

212 4131 285 4187 vium
302 4128 346 4186 vel
363 4127 463 4186 Lethes
482 4151 576 4207 aquam
593 4133 637 4190 vel
653 4137 827 4212 ignorantiam
845 4138 889 4194 vel
901 4142 1056 4217 passionum
1073 4138 1209 4196 vinculum
1221 4148 1267 4193 aut

212 4216 282 4271 vitae
299 4217 477 4293 privationem
495 4227 540 4272 aut
557 4216 630 4274 aliud
648 4221 762 4296 quodvis
780 4223 878 4281 malum
890 4223 1026 4302 appellare
1037 4224 1111 4294 velit,
1130 4226 1266 4290 nonsatis
