2776 4876
275 941 457 1000 Praelationcs
474 945 609 1000 versionis
627 943 660 1002 N.
680 941 815 1001 Scutellii.
851 941 961 1010 Romae,
988 945 1064 998 1⁵56.
1088 946 1154 997 4²0·
1186 917 1188 922 Ι

175 1310 347 1423 Ampliss.
371 1319 541 1395 Dominis
572 1319 607 1394 S.
631 1318 674 1394 R.
697 1318 738 1394 Ε.
770 1316 1032 1408 Gardinelibus,
1064 1319 1232 1417 sacrique

176 1444 331 1544 Jmperii
360 1441 606 1542 Principibus,
637 1439 905 1540 (lhristophoro
937 1438 1121 1514 Mcdrutio
1154 1440 1233 1514 Tri-

178 1567 312 1641 dcntin.
343 1591 387 1641 ac
410 1563 598 1638 Brixinen.
625 1573 662 1638 et
687 1560 827 1636 Othoni
851 1561 1003 1637 Truccis
1029 1563 1233 1662 Augusten.

177 1688 377 1789 EpiscopiS,
407 1685 530 1785 Scipio
553 1685 753 1785 Bongallus
779 1682 830 1759 Oi.
852 1682 918 1758 Ro.
941 1681 1141 1759 Civitatum
1166 1682 1234 1759 On

380 1809 553 1884 stellanae
580 1817 617 1882 et
642 1804 803 1881 Ortance
828 1805 1033 1908 Episcopus

609 1929 645 2005 S.
681 1927 722 2004 P.
759 1928 806 2004 D.

268 2171 420 2237 Palliatus
441 2171 639 2237 Jamblichus
662 2174 790 2258 scripsit
812 2169 876 2235 alta
899 2170 1060 2249 divinitus,
1083 2170 1236 2247 divinitus

179 2287 253 2348 item
282 2295 362 2372 toga
391 2286 529 2349 amicivit
552 2282 763 2349 Tridentinus
791 2282 980 2362 Scutellius,
1012 2286 1067 2367 qui
1097 2281 1170 2348 loca
1199 2305 1236 2348 ea

181 2416 264 2479 quae
286 2399 319 2459 in
336 2398 440 2460 Ficini
464 2405 545 2483 typo
569 2399 664 2461 rimas
688 2396 837 2484 agebant,-
859 2394 1024 2459 meliorem
1046 2404 1160 2459 nactus
1184 2416 1238 2460 co

183 2505 292 2585 dicem,
312 2511 454 2600 restituit
468 2507 565 2594 plane
581 2520 615 2574 et
640 2507 765 2573 affabre
780 2507 909 2586 refecit
926 2505 966 2570 de
981 2505 1116 2576 meliore
1130 2505 1238 2571 fidelia

181 2616 372 2683 dealbando.
417 2628 450 2683 at
470 2631 578 2684 vester
600 2623 764 2686 Romanus
786 2620 962 2685 homuncio
977 2618 1088 2706 Scipio
1103 2620 1238 2705 Episco

179 2751 242 2814 pus
265 2728 373 2809 edidit,
402 2731 672 2798 benevolentibus
696 2736 754 2813 (ut
775 2735 893 2818 spero)
916 2734 1021 2811 musis,
1051 2741 1084 2796 et
1106 2730 1239 2819 applau-

181 2839 330 2907 dentibus
352 2844 411 2923 (ut
431 2847 533 2931 opto)
556 2847 676 2930 gratiis,
700 2842 818 2928 αἴσιμα
840 2839 961 2908 πάντα.

268 2954 329 3017 Est
350 2956 459 3039 itaque
482 2976 552 3019 mea
574 2954 779 3020 solummodo
801 2954 988 3041 publicatio,
1019 2978 1081 3040 qua
1109 2933 1247 3041 quidem*

178 3063 259 3128 nihil
288 3087 428 3150 unquam
452 3070 505 3154 egi
527 3070 562 3131 in
583 3070 649 3133 vita
676 3066 845 3145 libentius,
875 3066 981 3132 multis
1007 3070 1165 3153 iustisque
1197 3067 1238 3132 dc

180 3177 293 3254 causis,
316 3177 374 3242 scd
396 3199 436 3244 eo
451 3182 626 3264 praecipue
641 3183 780 3258 nominc,
804 3191 841 3242 ut
863 3191 939 3264 post
954 3177 1122 3265 persoluta
1137 3182 1238 3244 veteri

180 3291 282 3353 amico
311 3292 377 3354 vite
403 3289 516 3355 iuncto
546 3290 695 3356 laborum
726 3300 758 3354 et
780 3291 960 3379 vigiliarum
989 3313 1117 3355 suarum
1147 3295 1237 3375 quasi

180 3397 288 3464 debito
315 3403 412 3480 iusta,
448 3401 652 3468 nobilissimis
683 3403 875 3468 Germaniae
911 3403 1111 3488 principibus
1144 3405 1238 3469 vobis

182 3504 278 3593 (quos
301 3512 437 3578 heroum
457 3517 491 3578 in
515 3524 611 3580 coetu
633 3536 769 3601 repono,
792 3519 911 3601 quippe
934 3515 1052 3598 quibus
1068 3519 1239 3606 insigniter

182 3619 285 3687 debeo
309 3646 370 3710 pro
393 3625 549 3713 singulari
571 3639 678 3692 vestra
702 3648 779 3714 erga
801 3647 852 3690 me
867 3626 1083 3713 benignitate)
1107 3641 1237 3696 aeterna

175 3734 301 3800 isthaec
328 3736 461 3801 honoris
490 3735 659 3823 plusquam
688 3758 864 3811 marmorea
901 3739 1020 3825 templa
1048 3740 1236 3820 dedicarem,

180 3868 317 3931 quorum
339 3849 441 3934 prima
468 3851 503 3912 in
518 3847 630 3915 fronte
652 3847 830 3938 grandibus
852 3851 986 3915 incisum
1010 3855 1098 3918 notis
1122 3874 1237 3938 peren-

179 3960 264 4023 niter
274 3959 446 4047 legeretur,
462 3959 503 4024 ad
517 3964 702 4027 memoriam
716 3962 878 4026 hominum
889 3966 1120 4052 sempiternam,
1137 3985 1237 4048 quan-

180 4079 232 4134 tus
247 4071 372 4137 scilicet
385 4071 573 4152 Madrutius‚
597 4084 736 4159 quantus
751 4076 890 4153 Truccis,
908 4074 1030 4141 Christi
1045 4097 1081 4140 re
1095 4078 1237 4162 graviter

179 4181 363 4265 laborante,
392 4187 426 4250 in
449 4208 487 4250 ca
509 4195 576 4251 tum
600 4186 807 4252 instauranda
829 4197 895 4251 tum
925 4185 1146 4253 conservanda
1168 4197 1235 4254 tum
