2776 4876
210 347 261 401 160
1192 346 1263 407 3,25

296 499 442 580 Κάκείνη
459 503 569 565 τοίνυν
584 499 605 579 ἡ
622 494 769 586 διαφορά
784 496 917 564 πάντων
928 503 1016 565 ἐστὶν
1028 496 1261 586 ἐναργεστάτη,

210 614 252 691 ὡς
274 609 340 702 άρα
363 615 415 677 ἐπὶ
438 615 502 677 τῶν
518 613 622 677 θείων
636 607 746 675 πάντα
761 607 802 675 τά
818 613 897 695 ἔργα
913 607 1116 691 ἐξήλλακται.
1150 606 1260 698 ὥσπερ

208 721 271 812 γάρ
295 721 450 811 ἐξήρηται
472 718 514 789 τά
535 727 705 809 κρείττονα
728 727 805 806 γένη
834 718 926 811 παρά
954 719 1064 789 πάντα
1093 717 1135 788 τά
1164 718 1261 802 άλλα,
1281 735 1295 785 ³

209 834 292 904 οὕτω
314 831 433 904 καὶτὰ
456 831 661 924 ἐνεργήματα
685 832 793 900 αὐτῶν
816 833 926 901 οὐδενὶ
948 837 1013 900 τῶν
1036 830 1142 901 ὄντων
1156 855 1262 930 προσ-

209 953 319 1015 έοικεν.
365 944 446 1013 ὥστε
470 940 513 1011 άν
540 945 627 1038 ε’ίπης
651 948 753 1011 θείαν
777 943 990 1036 παραφοράν,
1019 941 1122 1035 άφελε
1149 942 1262 1023 πάσας

209 1055 313 1137 εὐθιίς
334 1052 395 1136 τάς
416 1056 634 1146 ἀνθρωπίνας
655 1054 882 1146 παρατροπάς.
916 1061 971 1124 καὶ
995 1054 1054 1122 ἐάν
1075 1062 1179 1144 νῆψιν
1200 1055 1260 1123 αὐ·
1280 1073 1296 1124 6

211 1180 280 1248 τοῖς
309 1164 474 1257 ἱερατικὴν
502 1166 648 1252 ἀποδῷς,
677 1173 790 1253 μηκέτι
812 1165 924 1234 σκόπει
953 1165 1014 1249 τὴν
1043 1167 1262 1256 ἀνθρωπίνην

208 1285 319 1368 νῆφιν,
335 1279 377 1358 ὡς
392 1271 497 1347 οὖσαν
513 1282 615 1370 ἐκείνη
630 1281 876 1370 παραπλησίαν.
907 1277 1038 1357 πάντως
1053 1281 1087 1346 δὲ
1102 1277 1162 1358 τάς
1176 1274 1262 1345 κατά

208 1393 251 1459 τά
275 1390 449 1476 νοσήματα
473 1387 706 1475 τοῦσώματος
729 1387 802 1456 οἷον
829 1388 1000 1478 ὑποχύσεις
1021 1394 1076 1458 καὶ
1104 1386 1165 1469 τάς
1193 1385 1297 1460 ἀπὸν

209 1506 273 1569 τῶν
294 1499 493 1587 νοσημάτων
507 1507 700 1588 κινουμένας
715 1505 904 1590 φαντασίας
918 1498 965 1588 μὴ
979 1499 1174 1592 παράβαλλε
1189 1513 1263 1580 ταῖς

209 1618 321 1691 θείαις
343 1616 560 1704 φαντασίαις·
581 1616 615 1678 τί
636 1609 700 1699 γάρ
723 1607 764 1693 δὴ
780 1610 891 1681 κοινὸν
906 1607 1005 1681 αὗται
1018 1609 1101 1702 πρὸς
1115 1610 1263 1692 ἀλλήλοις

209 1727 334 1810 lagoum,-
356 1723 432 1810 μηδ’
450 1716 494 1790 αὖ
508 1719 568 1801 τὰς
582 1720 791 1811 ἀμφιβόλους
805 1722 1031 1805 καταστάσεις,
1054 1723 1125 1792 οἷον
1138 1718 1263 1809 μεταξι)
1282 1740 1315 1791 12

209 1831 341 1922 νήφεοίς
362 1859 398 1900 τε
421 1837 477 1899 καὶ
500 1830 690 1912 ἐκστάσεως,
711 1838 873 1924 παραθῇς
887 1840 966 1903 ποτὲ
980 1846 1054 1913 ταῖς
1069 1835 1263 1920 ὡρισμέναις

209 1939 295 2010 κατά
316 1948 400 2032 μίαν
421 1951 585 2032 ἐνέργειαν
608 1949 787 2032 ἱερατικοῖς
810 1951 874 2014 τῶν
897 1951 988 2014 θεῶν
1011 1944 1138 2036 ὄφεσιν.
1175 1941 1262 2011 ἀλλά

207 2058 291 2141 μηδὲ
314 2066 387 2134 ταῖς
409 2052 475 2123 άπὸ
498 2059 558 2136 τῆς
580 2060 731 2139 γοητείας
753 2060 903 2144 τεχνικῶς
927 2058 1263 2144 κατασκευαζομέναις
1282 2076 1316 2127 15

208 2171 411 2256 φαντασίαις
439 2164 635 2254 παράβαλλε
663 2164 723 2245 τάς
750 2165 990 2256 ἐναργεστάτας
1017 2173 1164 2259 θεωρίας
1196 2171 1263 2236 τῶν

210 2280 317 2346 θεῶν·
353 2275 427 2346 οίίτε
455 2274 519 2366 γάρ
549 2283 713 2365 ἐνέργειαν
740 2274 813 2345 οὔτε
844 2278 961 2346 οὐσίαν
993 2281 1060 2346 τῶν
1089 2279 1262 2370 ὁρωμένων

279 2575 305 2627 8.
333 2570 452 2639 πάντως]
472 2575 505 2625 sic
524 2573 583 2635 AC,
609 2571 716 2627 πάντων
735 2574 768 2626 0.
859 2575 884 2626 8.
895 2574 920 2625 9.
949 2573 998 2632 τάς
1017 2573 1087 2626 κατὰ
1105 2573 1157 2640 τά]
1176 2574 1211 2626 sic
1232 2577 1262 2637 Α,

279 2657 377 2728 ἥκιστα
388 2659 496 2713 τοὶΒει
509 2659 573 2711 Gale
585 2674 644 2720 not,
669 2657 818 2727 ἡκατιὶτοὶ
831 2660 864 2721 0,
891 2657 989 2727 ἡκατά
1002 2660 1035 2710 Ι).
1119 2660 1160 2713 12.
1187 2664 1263 2726 ἔχον-

280 2765 326 2798 σσιι
345 2745 378 2799 0.
491 2748 531 2798 15,
559 2753 615 2804 τοῖς
635 2747 664 2798 Α.
778 2747 820 2797 ld.
848 2743 1058 2816 ἐναργεστάτας,
1077 2746 1112 2797 sic
1130 2746 1166 2810 C,
1193 2751 1263 2816 ἔνερ-

278 2827 412 2896 γεστάτοις
431 2833 464 2885 0.

280 3093 352 3150 llaec
369 3095 450 3170 igitur
468 3093 618 3149 differentia
636 3097 687 3150 crit
711 3097 829 3150 omnium
851 3097 964 3151 maxime
987 3093 1114 3150 notabilis
1137 3092 1211 3170 quod
1235 3095 1264 3147 in

209 3180 308 3236 divinis
327 3181 415 3234 omnia
434 3199 514 3257 opera
534 3180 566 3235 ab
586 3179 645 3235 aliis
657 3180 801 3258 plurimum
813 3181 975 3258 discrepent
1020 3200 1081 3236 nam
1094 3178 1265 3255 quemadmo-

209 3267 272 3323 dum
289 3264 398 3321 meliora
417 3286 512 3341 genera
530 3266 563 3322 ab
581 3265 641 3322 aliis
660 3268 782 3323 omnibus
801 3268 910 3334 distant,
929 3269 966 3322 ita
986 3286 1079 3322 eorum
1090 3267 1264 3343 operationes

207 3351 276 3408 nihil
293 3349 393 3408 habent
411 3371 550 3409 commune
568 3373 628 3410 cum
650 3353 822 3410 naturalibus.
869 3355 975 3429 quoties
1001 3373 1064 3427 ergo
1087 3351 1205 3427 loqueris
1229 3351 1265 3407 dc

144 3511 148 3517 Ι
208 3439 298 3495 divina
317 3440 424 3506 ecstasi,
443 3437 509 3494 tolle
527 3441 616 3495 statim
630 3460 722 3496 omnes
734 3440 862 3495 humanas
874 3442 1072 3516 perversiones.
1116 3439 1265 3513 quinetiam

208 3527 232 3581 si
251 3524 421 3580 sobrietatem
440 3523 657 3601 vigilantiamque
675 3546 778 3582 sacram
800 3525 853 3580 diis
877 3525 1019 3593 attribuas,
1043 3523 1100 3581 noli
1121 3523 1265 3579 humanam

208 3619 342 3684 tamquam
354 3609 468 3665 similem
481 3631 541 3665 cum
553 3631 583 3666 ea
596 3610 717 3666 conferre
728 3611 907 3668 sobrietatem.
949 3614 1057 3667 minime
1068 3631 1132 3667 vero
1146 3613 1265 3665 omnium

209 3696 330 3771 corporis
349 3696 457 3751 morbos
476 3696 557 3751 veluti
575 3696 738 3752 suffusiones
758 3707 784 3753 et
802 3708 888 3753 motas
901 3719 916 3752 a
928 3699 1022 3754 morbo
1035 3696 1190 3774 phantasias
1203 3716 1264 3752 cum

209 3779 308 3836 divinis
320 3780 468 3856 phantasiis
481 3790 588 3860 oportet
600 3782 770 3839 contendere.
817 3783 882 3859 quid
893 3786 964 3839 enim
976 3782 1027 3838 hac
1039 3785 1110 3841 inter
1123 3804 1153 3839 se
1165 3782 1265 3838 habent

210 3868 365 3923 commune?
405 3888 510 3924 rursum
528 3870 678 3945 ambignum
695 3868 930 3925 hominis'statum
942 3871 1013 3925 inter
1024 3870 1145 3926 sobrium
1162 3879 1189 3924 ct
1201 3867 1265 3922 alie-

209 3962 308 4018 natum,
331 3971 365 4006 nc
383 3950 497 4007 similem
514 3965 593 4030 putes
611 3957 693 4011 statui
710 3958 813 4011 animae
832 3976 936 4023 sacrae,
960 3975 1013 4010 uno
1033 3955 1202 4034 simplicique
1225 3956 1266 4008 in-

208 4041 278 4096 tuitu
296 4037 362 4093 deos
381 4040 536 4113 spectantis.
582 4041 630 4096 sed
649 4062 698 4099 nec
717 4062 871 4120 comparare
888 4040 956 4098 velis
975 4043 1139 4098 certissimas
1151 4040 1265 4096 deorum

209 4125 415 4203 conspectiores
438 4143 497 4178 cum
520 4124 641 4181 obscuris
663 4130 723 4184 istis
746 4128 903 4204 imaginibus
928 4137 985 4184 arte
1011 4127 1135 4184 venetica
1155 4127 1262 4204 paratis.

209 4230 269 4266 nam
287 4210 438 4269 istiusmodi
456 4211 656 4286 imaginamenta
675 4233 724 4270 nec
742 4217 874 4271 actionem
891 4234 941 4270 nec
959 4217 1103 4271 essentiam
1121 4234 1211 4270 earum
1223 4232 1265 4268 re·
