2776 4876
185 318 238 370 314

185 478 352 548 κυβερνητικῇ
372 474 486 539 163,12.

186 562 331 631 κυκλησεως
348 563 530 633 γενεσιουργοῦ
552 558 613 622 269,
626 559 650 614 8.

185 650 277 708 κύκλος
303 644 386 718 άρχην
412 649 519 716 τελευτῇ
547 646 687 702 συνάπτων

223 733 391 796 177,10.11.

186 822 330 888 κυκλοτερῆ
347 819 410 884 252,
422 821 447 871 2.

186 906 406 977 κυκλοφορητικόν
434 910 478 958 καὶ
505 900 587 957 άυλον
610 901 688 973 σῶμα

223 993 340 1055 202,10.

186 1078 266 1144 κύκλῳ
280 1079 428 1149 περιέχουσι
439 1077 484 1141 25,
495 1076 541 1139 16ς
562 1107 592 1116 -
614 1095 688 1146 περι-

221 1168 308 1232 λαβεῖν
320 1163 400 1227 31,8;
417 1194 444 1203 -
461 1166 614 1231 συνείληφεν
628 1161 687 1225 113,

224 1250 249 1302 9.
268 1251 307 1302 10.

186 1337 324 1408 κυμβάλων
344 1336 458 1400 117,14.

187 1423 367 1493 κυνοκεφάλου
384 1421 446 1483 208,
463 1422 500 1474 10.

186 1512 265 1569 κυνὸς
282 1509 397 1571 208,10.

187 1596 275 1668 κύριαι
292 1596 340 1664 τῆς
357 1591 552 1667 διαφορότητος
572 1593 668 1653 13,14.

187 1685 292 1752 κυρίους
309 1680 360 1734 τῶν
378 1684 504 1749 ίσομίνων
525 1679 688 1743 139,10.11.

187 1772 332 1838 κυριωτέρα
354 1767 475 1829 282,12;
506 1792 539 1802 -
570 1766 636 1836 πρὸς
654 1766 685 1816 τό

222 1856 361 1905 εἰδοποιεῖν
379 1852 476 1916 23,16.

187 1943 345 2011 κυριωτέραν
369 1937 469 2001 59,13.

184 2027 338 2099 κυριώτερον
359 2023 417 2085 183,
432 2022 527 2074 1617.

184 2112 261 2184 κῦρος
278 2113 358 2175 25,2;
372 2109 452 2174 98,2;
467 2110 574 2173 100,17;
589 2110 685 2179 1155,

221 2198 396 2262 122,11.12;
423 2197 484 2259 238,
497 2196 529 2261 4;
555 2195 617 2260 294,
629 2198 655 2249 4.

184 2285 289 2355 κῶλυμα
307 2289 343 2344 εἰς
362 2283 476 2347 178,12.

82 2414 87 2431 .
184 2374 308 2442 κωμῳδία
325 2373 370 2423 καλ
388 2372 524 2441 τραγῳδίᾳ
541 2368 585 2433 40,
597 2368 622 2420 3.

183 2460 265 2524 λέγειν
275 2459 319 2508 καὶ
328 2461 479 2510 ἐπισκοπεῖν
486 2457 523 2509 τά
532 2455 600 2509 καλοὶ
612 2454 684 2518 61,8.

183 2543 255 2611 λήθη
267 2540 317 2594 τῶν
330 2537 443 2610 άγοιθῶν
454 2541 573 2605 290,18;
587 2571 620 2582 -
637 2538 687 2594 τοῦ

220 2631 290 2682 θεοῦ
308 2627 370 2690 291,
385 2629 410 2681 7.

184 2713 283 2783 Λήθης
301 2712 371 2784 ὕδωρ
391 2712 505 2776 14814.

184 2798 264 2867 λήξεις
288 2802 331 2850 καὶ
356 2799 484 2868 διανομάς
506 2803 551 2853 καὶ
575 2803 686 2868 συγκλη-

220 2881 308 2957 ράσεις
325 2883 424 2947 24,17.

183 2969 253 3039 λῆξιν
269 2969 424 3040 ἡγεμονικὴν
441 2969 503 3033 282,
514 2968 539 3021 3.
550 2970 575 3022 4.

183 3061 265 3119 λίθος
282 3056 300 3125 ἢ
316 3057 415 3126 βοτάνη
435 3056 550 3121 197,13.

183 3148 279 3205 λίθους
298 3147 343 3197 καὶ
359 3144 476 3211 βοτάνας
504 3143 564 3208 166,
584 3145 624 3196 15.
639 3145 685 3209 16;

221 3258 253 3266 -
272 3230 387 3299 βοτάνας
405 3229 468 3293 233,
482 3230 522 3282 12.

185 3315 262 3385 λιμού
280 3314 300 3385 ἢ
317 3313 434 3389 άφορίας
452 3316 566 3379 206,15.

184 3406 311 3456 λιτανεῖαι
329 3404 372 3467 47,
382 3403 424 3455 11.

184 3487 347 3558 λογιζόμενος
365 3491 413 3559 την
424 3485 576 3558 ταῦτότητα
595 3490 684 3554 14,15.

184 3577 309 3646 λογισμόν
326 3577 470 3647 πρακτικόν
488 3575 602 3638 22314.

185 3661 211 3713 ίν
229 3662 314 3728 λόγοις
332 3669 540 3734 πεπερασμένοις
559 3663 601 3726 74,
613 3663 638 3717 3.

184 3745 261 3815 λόγος
280 3742 316 3806 εἷς
335 3745 460 3817 ούσιιόδης
478 3758 564 3809 κοῖνος
584 3750 685 3813 14,10;

220 3861 254 3870 -
274 3837 333 3903 περὶ
351 3830 520 3904 εὐδαιμονίας
537 3836 599 3901 285,
613 3836 637 3889 9.

185 3919 278 3988 λόγους
297 3916 424 3982 ἀλαζόνας
447 3922 552 3986 91,13;
573 3954 603 3964 -
628 3928 687 3977 δαι-

220 4009 329 4075 μονίους
356 4004 417 4068 249,
436 4006 463 4068 7;
495 4037 527 4048 -
554 4011 688 4081 ἐμψύχους

220 4091 238 4161 ἢ
256 4093 384 4162 φυσικούς
402 4090 518 4155 101,10.

187 4176 252 4244 λόγῳ
272 4177 339 4246 ψιλῷ
357 4177 418 4238 267,
431 4178 458 4231 8.

48 4458 246 4576 ,Α

734 475 801 543 λόγῳ
815 476 894 547 ῥητόν
906 503 938 514 -
949 479 1011 547 ίργῳ
1024 475 1143 545 φορητόν
1156 475 1243 540 173,1.

734 564 830 630 λοιμῶν
849 564 952 615 παῦλαν
972 559 1089 624 206,14.

735 649 835 718 λουτρά
853 647 902 717 τῆς
919 647 1083 720 προφήτιδας
1108 646 1223 709 127,12.

736 733 829 787 λύουσι
846 736 897 787 τῶν
916 731 1019 802 δεσμῶν
1043 732 1085 795 79,
1097 732 1124 785 8.

736 817 900 892 Λυσάνδρου
917 820 967 872 τοῦ
983 821 1107 886 βασιλέως
1127 818 1243 884 108,13.

735 905 819 965 λύσεις
837 901 1018 978 άιτορημάτων
1056 904 1085 969 1,
1103 905 1128 958 4.
1140 908 1171 968 5;
1212 935 1241 946 -

770 991 888 1044 παλαιῶν
905 989 1058 1061 μηνιμάτων
1077 991 1195 1055 121,11.

735 1075 806 1138 λύσις
823 1080 869 1145 της
887 1082 1041 1149 εἱμαρμένης
1059 1077 1120 1142 269,
1135 1077 1162 1128 9.

735 1166 869 1233 λυσιτελὴς
887 1165 953 1236 πρός
971 1163 1015 1227 56,
1028 1165 1054 1214 4.

736 1248 888 1304 λυσσώντων
908 1249 989 1303 κυνῶν
1012 1248 1072 1314 158,
1084 1249 1110 1302 9.

734 1339 850 1408 λυτῆρας
867 1339 914 1405 τῆς
932 1340 1085 1409 εἱμαρμένης
1103 1335 1165 1401 269,
1180 1335 1224 1390 18.

735 1422 785 1476 τοῦ
803 1423 887 1475 λώτου
906 1424 968 1488 252,
981 1423 1007 1474 3.

735 1512 778 1562 tui
794 1512 867 1578 λωτῷ
885 1510 1055 1572 καθίζεσθαι
1071 1509 1134 1573 251,
1150 1510 1194 1562 17.

734 1595 923 1666 μαθηματικῆς
939 1593 1002 1659 277,
1017 1595 1058 1646 11.

733 1682 904 1752 μαθημάτων
921 1685 1051 1750 μεγίστων
1070 1681 1187 1746 180,10.

733 1769 855 1839 μάθησις
873 1770 1069 1837 προσκοποῦσα
1091 1768 1123 1820 τό
1148 1771 1243 1838 μίλλον

772 1853 940 1919 163,12.13.

733 1945 856 2011 μαίευμα
875 1938 979 2011 πρῶτον
997 1938 1059 2003 263,
1072 1940 1099 1991 3.

733 2025 854 2098 μακάρια
871 2027 1005 2097 θεάματα
1021 2025 1122 2089 41,11.

732 2113 900 2185 μακαριστόν
917 2113 978 2177 288,
993 2112 1089 2163 17.18.

732 2199 938 2271 μακαριωτάτην
956 2197 1007 2252 τῶν
1026 2195 1096 2251 θεῶν
1113 2200 1240 2270 ίνίργειαι

768 2287 867 2350 41,15.

734 2372 872 2432 Μανεθῶς
889 2371 952 2434 261,
964 2370 989 2421 3.

732 2463 847 2530 μαντεῖα
866 2454 971 2527 άψευδη
990 2457 1105 2521 115,10.

732 2549 847 2616 μαντεία
869 2548 984 2614 ἴμφυτος
1014 2542 1080 2607 288,
1104 2542 1175 2605 56,
1204 2569 1238 2580 ··

769 2630 821 2684 τῶν
838 2632 1003 2702 χρηστηρίων
1022 2629 1081 2691 128,
1093 2630 1118 2681 4.

733 2721 861 2788 μαντείας
878 2722 903 2769 ln
923 2715 992 2769 θεῶν
1005 2710 1162 2788 άνθρῶποις
1180 2721 1236 2770 ἔπι-

769 2807 935 2874 πεμπομένης
955 2802 1016 2867 124,
1028 2803 1054 2853 5.

732 2898 858 2961 μαντεῖον
888 2889 1028 2958 διαβόητον
1060 2892 1105 2942 καὶ
1132 2894 1238 2961 ἐναργέ·

769 2996 871 3030 στατον
907 2974 1076 3040 123,11.12.

731 3062 846 3134 μαντικὴ
877 3058 985 3130 δύναμις
1020 3061 1086 3126 129,
1104 3062 1130 3114 2.
1142 3061 1174 3123 33
1202 3089 1236 3099 -

768 3149 836 3200 θειά
871 3146 932 3209 289,
945 3147 971 3199 3.

732 3230 844 3304 μαντικῇ
864 3233 992 3305 σταθερᾷ
1012 3232 1126 3298 126,14.

731 3321 907 3391 μαρμαρυγὰς
924 3321 973 3371 τοῦ
991 3319 1079 3390 φωτός
1096 3320 1159 3386 239,
1171 3321 1197 3373 2.

733 3409 869 3477 μαχαίρας
887 3410 961 3476 ίργον
986 3407 1047 3471 182,
1060 3406 1085 3458 4.

733 3493 874 3562 μάχεσθαι
892 3490 1000 3563 ἰσχυρῶς
1020 3492 1136 3557 100,13.

732 3578 879 3649 μαχόμενοι
907 3579 973 3650 πρὸς
999 3580 1063 3640 τοὺς
1089 3580 1236 3651 θεουργούς

770 3664 830 3728 178,
843 3666 868 3716 5.
879 3664 902 3717 6.

733 3751 867 3821 μάχονται
884 3751 917 3825 τη
937 3756 1070 3823 θρησκείᾳ
1092 3751 1143 3805 τῶν
1167 3752 1235 3806 θεῶν

770 3837 830 3904 178,
842 3838 867 3891 3,
877 3841 901 3889 4.

734 3928 944 3996 μεγαλοπρίπεια
962 3924 1006 3988 75,
1015 3925 1039 3976 2.

734 4008 963 4082 μεγαλοφρορύνην
981 4009 1028 4078 της
1046 4009 1235 4070 καταστάσεως

771 4096 814 4160 76,
827 4097 852 4148 3.

712 4214 714 4235 ι
735 4189 850 4253 μέγεθος
868 4185 919 4236 τῶν
937 4187 1091 4254 ἐπιφανειῶν
1109 4184 1208 4249 75,10.
