2776 4876
217 325 269 389 9‚5
1219 331 1273 384 279

216 478 298 545 εἶναι
320 477 400 566 παρ’
420 477 534 558 αὐτοῖς
556 478 577 563 ἡ
599 483 661 548 τοῦ
683 478 918 549 οἰκοδεσπότου
939 483 1058 567 γνῶσις
1079 481 1272 567 ἀκατάληπ-

215 617 286 669 τος,
321 587 421 658 ὁπότε
449 590 619 677 μεθόδους
647 589 902 682 παραδεδώκασι
918 596 1003 681 ,περὶ
1030 597 1090 674 τῆς
1118 593 1271 684 εὑρέσεως

180 717 196 770 3
214 699 319 768 αὐτοῦ
340 713 468 791 σαφεῖς,
489 706 544 768 ίπί
558 705 673 770 τετῶν
688 702 1012 794 ἀμφισβητουμένων
1026 715 1173 791 στοιχεῖα
1187 704 1271 793 πρὸς

212 809 274 893 τὴν
297 809 460 901 διάκρισιν
469 811 753 894 ,οἰναδιδοίσκουσιν
768 820 799 881 οἰ
820 818 881 901 μὲν
895 819 989 882 πέντε
1012 820 1043 882 οἱ
1059 817 1094 881 δὲ
1109 818 1165 881 καὶ
1179 817 1270 882 πλεί-

213 948 276 990 ονα
299 921 424 990 τούτων
452 929 484 989 οἱ
514 927 548 992 δέ
571 922 749 1008 ἐλάττονας
777 921 865 1008 πλὴν
893 931 950 993 ίνα
978 928 1077 994 τοῦτο
1104 929 1269 1015 παρῶμεν,
1323 1012 1324 1016 ¹

178 1033 257 1111 ςιίς
278 1035 390 1119 μεῖζον
413 1037 510 1121 ἔργον
539 1033 591 1102 ἐπ’
610 1033 785 1127 ἀμφότερα
811 1032 855 1102 roi
884 1039 1113 1123 συμβαίνοντα
1142 1034 1269 1127 σκεψώ-

213 1147 323 1230 μεθα·
348 1144 409 1211 είτε
431 1145 495 1232 γάρ
519 1143 661 1213 δυνατόν
684 1145 790 1235 εὑρεῖν
812 1142 870 1215 τόν
893 1146 1128 1230 οἰκοδεσπότην
1141 1151 1201 1230 τῆς
1215 1173 1269 1234 γε·

211 1259 343 1334 νέσεως,
372 1259 440 1321 ἔστι
470 1254 576 1339 δήπου
603 1261 660 1324 καὶ
689 1256 707 1324 ὁ
732 1257 789 1324 ἀπ’
809 1257 913 1326 αὐτοῦ
941 1256 1111 1346 διδόμενος
1140 1263 1268 1345 δαίμων

177 1391 193 1443 9
211 1362 389 1455 γνώριμος·
414 1367 476 1434 ε’ίτε
499 1366 733 1450 ἀκατάληπτός
748 1376 845 1449 ἐστιν,
866 1369 960 1456 ἡμεῖς
973 1375 1033 1456 μὲν
1049 1364 1152 1436 αὐτόν
1166 1367 1267 1453 ἀμνο-

211 1481 310 1561 οῦμεν
332 1474 418 1544 κατοί
440 1504 475 1565 με
500 1475 559 1561 τὴν
581 1477 747 1549 ὑπόθεσιν
769 1478 903 1562 ταύτην.
941 1480 1036 1548 οὐδὲν
1060 1478 1101 1562 δὴ
1123 1473 1225 1560 ἧττον
1247 1477 1266 1546 ὅ

209 1611 246 1653 τε
268 1586 502 1671 οἰκοδεσπότης
523 1595 593 1658 ἐστὶ
614 1595 671 1658 καί
694 1591 713 1658 ὁ
737 1590 794 1658 ἀπ’
814 1591 918 1659 αὐτοῦ
940 1590 1113 1676 διδόμενος
1128 1593 1265 1676 δαίμων.

158 1725 191 1775 12
209 1702 242 1765 τί
265 1691 326 1768 οὖν
353 1698 469 1768 κωλύει
497 1698 553 1769 διοί
582 1705 858 1788 γενεθλιαλομίας
885 1707 946 1789 μὲν
974 1701 1135 1770 δύσκολον
1163 1696 1267 1769 αὐτόν

203 1809 293 1888 εἶναι
315 1818 359 1890 εἰς
381 1809 516 1901 εὕρεσιν,
539 1808 595 1880 διοί
618 1818 675 1896 τῆς
697 1817 787 1902 ἱερᾶς
810 1817 844 1881 δὲ
866 1819 1025 1900 μαντείας
1047 1807 1267 1901 ἢδεονργίας

209 1920 367 2011 εὐπορίαν
391 1920 474 2008 εἶναι
494 1920 622 2006 πολλὴν
645 1932 689 2003 εἰς
711 1923 920 2010 έπιστήμηνςν
935 1922 1019 2003 ὅλως
1041 1927 1076 1991 δὲ
1099 1922 1174 1991 οὐδὲ
1198 1920 1265 1989 ἀπὸ

159 2065 190 2115 15
207 2034 269 2099 τοῦ
291 2031 524 2102 οἰκοδεσπότου
545 2033 650 2122 μόνου
672 2038 846 2116 ἐνδίδοται,
869 2033 955 2102 όλίιί
970 2038 1093 2102 πολλαί
1108 2041 1190 2100 εἰσιν
1205 2033 1265 2122 ἀρ-

205 2147 265 2229 χαί
288 2143 393 2210 αὐτοῦ
414 2143 679 2233 καθολικώτεραι
700 2144 723 2227 ἢ
745 2141 830 2212 κατοί
852 2142 913 2213 τὸν
934 2143 1179 2226 οἰκοδεσπότην.
1218 2147 1266 2210 ίτι

208 2257 244 2321 δέ
265 2254 287 2336 ἡ
309 2252 445 2336 τοιαύτη
468 2258 618 2343 μέθοδος
640 2254 788 2342 τεχνικήν
809 2280 885 2322 τινα
907 2255 1029 2342 εἰσάγει
1050 2260 1107 2323 καί
1128 2255 1265 2342 ἀνδρω-

157 2385 190 2445 {8
207 2368 308 2447 πίνην
329 2361 391 2448 τὴν
412 2371 488 2457 περὶ
515 2362 576 2433 τόν
605 2367 689 2433 ίδιον
717 2369 863 2452 δαίμονα
890 2371 1139 2456 πραγματείαν·
1169 2364 1264 2431 οὐδὲν

209 2473 278 2569 σ’ίρα
298 2477 385 2563 ὑγιές
408 2484 443 2543 έν
466 2475 594 2556 τοότοις
617 2480 793 2566 διαπορεῖς.

278 2664 303 2714 7.
330 2662 378 2716 τόν
395 2662 515 2716 omhc.
533 2658 545 2731 ΙΙ
567 2660 760 2716 οἰκοδεσπότου
780 2665 810 2715 Α.
882 2664 906 2714 8.
935 2660 1038 2730 δι’μτου]
1059 2660 1158 2724 sioAC,
1177 2659 1209 2727 dv}
1229 2659 1262 2711 Ο.

279 2751 320 2802 12.
347 2751 468 2803 diunales
493 2749 528 2800 D.
601 2751 641 2801 1³.
670 2746 786 2820 εὕρεσιν]
806 2747 885 2813 sicC,
904 2746 1008 2820 εὕρηται
1027 2748 1059 2799 0.
1081 2742 1093 2816 ΙΙ
1114 2749 1141 2801 δέ
1160 2767 1210 2798 om.
1230 2745 1264 2797 Ο.

280 2835 321 2888 ll.
350 2831 411 2888 οὐδὲ
429 2856 479 2888 orn.
498 2835 532 2888 D.

209 2995 347 3051 dominum
366 3015 426 3052 esse
445 2993 723 3073 impervestigabilem,
743 2997 788 3069 qui
807 2995 916 3071 quidem
933 2994 1088 3051 methodum
1105 2992 1210 3049 facilem
1229 2990 1263 3048 de

208 3101 240 3136 εο
258 3081 420 3138 inveniendo
437 3080 613 3149 tradiderunt,
632 3091 659 3136 et
678 3080 757 3136 simul
775 3084 803 3136 in
822 3080 912 3138 dubiis
930 3080 965 3137 ad
982 3089 1101 3136 exactam
1120 3079 1202 3133 crisin
1221 3098 1263 3133 ca-

208 3188 301 3235 nones,
319 3167 349 3223 hi
367 3164 475 3241 quidem
493 3168 619 3242 quinque,
638 3166 684 3222 alii
702 3176 789 3223 autom
806 3166 907 3244 plures,
925 3169 1066 3244 pauciores
1085 3163 1130 3218 alii
1148 3162 1262 3219 docenti

209 3251 258 3309 sed
275 3256 410 3308 mittamus
429 3270 535 3328 quoque
553 3251 618 3320 hoo,
643 3262 671 3307 et
689 3253 890 3309 consideremus
913 3249 985 3328 quod
1007 3253 1091 3306 maius
1115 3259 1171 3316 est,
1194 3269 1262 3325 quae

207 3341 333 3416 utrinque
351 3338 472 3396 accidere
490 3339 605 3414 possint.
654 3339 712 3393 sive
730 3341 799 3395 enim
818 3339 913 3394 domus
925 3337 1056 3398 ,dominus
1079 3338 1107 3392 in
1126 3337 1262 3390 nativitate

207 3427 319 3483 inveniri
336 3427 440 3503 possit,
463 3426 514 3479 erit
532 3442 639 3499 quoque
657 3425 703 3498 qui
720 3425 753 3479 ab
772 3444 804 3480 eo
824 3423 901 3480 datur
924 3421 1113 3498 cognoscibilis
1132 3417 1258 3491 daemon3

207 3513 266 3565 sive
284 3513 320 3565 sit
337 3507 601 3586 impervestigabilis,
624 3527 674 3564 nos
694 3510 801 3586 quidem
820 3531 853 3567 en
870 3508 921 3565 hac
941 3507 1088 3586 hypothesi
1106 3519 1167 3562 eum
1189 3507 1261 3580 igno-

207 3612 304 3650 ramus.
345 3593 524 3650 *nihilominus
544 3597 595 3650 erit
612 3604 747 3673 utcunque
764 3607 822 3653 tum
834 3595 929 3653 domus
942 3595 1066 3651 dominus
1079 3603 1135 3648 tum
1148 3589 1261 3647 daemon

208 3679 240 3734 ab
260 3697 291 3734 eo
309 3677 485 3735 descendens.
529 3690 622 3758 potest
640 3700 703 3758 orgo
726 3681 837 3740 difficile
860 3702 920 3739 esse
943 3700 1003 3736 eum
1025 3682 1145 3736 invenire
1167 3699 1201 3735 ex
1218 3698 1261 3754 ge-

141 3769 145 3778 '
208 3764 403 3821 nethliaoorum
421 3763 534 3841 regulis3
557 3766 678 3824 eiusdem
695 3768 782 3825 facilis
802 3769 855 3823 erit
871 3769 989 3839 cognitio
1008 3786 1056 3844 per
1074 3786 1179 3824 sacrum
1196 3766 1262 3821 vati·

209 3854 308 3908 oinium
327 3859 354 3907 et
370 3849 526 3927 theurgiam.
575 3856 683 3910 omnino
701 3874 766 3911 vero
785 3852 897 3908 daemon
915 3852 962 3908 ille
980 3873 1034 3909 nun
1052 3853 1139 3910 asolo
1152 3853 1260 3909 domino

209 3936 304 3993 domus
318 3937 403 4006 datur,
423 3935 472 3992 sed
483 3935 551 3995 aliae
562 3949 626 3996 sunt
638 3943 695 3998 eius
708 3942 832 4016 origines,
845 3959 944 4016 eaeque
955 3940 1170 4008 universaliores,
1183 3956 1261 4014 quam

209 4031 255 4078 est
274 4021 370 4079 domus
395 4023 526 4081 dominus.
572 4025 729 4103 quidquod
750 4025 905 4082 huiusmodi
927 4026 1069 4084 methodus
1091 4025 1261 4081 artificiosam

208 4109 340 4185 quandam
359 4118 386 4164 et
402 4108 482 4187 plane
499 4111 639 4168 humanam
657 4111 737 4170 infert
755 4113 937 4190 operationem
948 4115 1019 4171 circa
1031 4113 1185 4170 daemonem
1200 4127 1262 4185 pro·

209 4198 304 4273 prium.
354 4217 435 4271 quare
453 4197 521 4255 nihil
539 4202 607 4256 recti
625 4201 746 4256 eontinet
762 4198 828 4256 haee
846 4211 892 4257 tua
910 4201 1049 4259 dubitatio.
