2776 4876
204 341 240 394 tu
1184 341 1255 404 1312

205 502 269 580 έχει
291 498 507 577 solempnius,
535 498 567 559 τί
590 492 712 574 δήποτε
734 497 859 561 παθῶν
880 519 929 573 τις
951 493 1033 587 stirpi
1054 493 1254 583 προσείπιας

206 606 245 673 orl
265 605 328 692 γάρ
351 600 427 682 roric
446 604 595 683 ἀπαθεῖς
615 610 671 671 καὶ
692 604 868 692 καθαροὺς
889 614 934 686 είς
954 605 993 672 τὸ
1015 605 1177 688 παθητὸν
1197 612 1256 674 καὶ

204 716 401 802 ἀκάθαρτον
429 714 612 798 ῆποιαείτη
640 720 753 799 κλῆσις
773 721 951 803 κατασπᾷ*
992 717 1186 786 τούναντίον
1219 722 1292 786 δίε

205 825 281 906 τοὺς
301 833 466 913 ἐμπαθεῖς
487 833 680 912 γενομένους
692 827 780 913 ἡμᾶς
794 826 849 895 daei
865 825 926 910 τὴν
939 835 1064 914 γένεσιν
1076 825 1255 917 καθαροὺς

192 944 259 1007 ’καί
281 940 461 1028 ἀτρέπτους
483 936 707 1025 ἀπεργάζεται
1216 969 1221 977 ·

296 1051 375 1120 Ἀλλ’
398 1051 472 1120 οὐδ’
498 1057 534 1118 at
562 1049 777 1141 προσκλήσεις
802 1048 859 1118 διὰ
886 1050 1022 1131 ποίθους
1048 1050 1289 1127 συνάπτουσιό

206 1176 275 1243 τοῖς
295 1168 391 1243 θεοῖς
413 1160 489 1242 τούς
510 1169 628 1250 ἱερέας·
662 1161 717 1229 διὰ
739 1165 774 1230 dl
788 1168 847 1245 τῆς
861 1167 960 1242 θείας
974 1166 1088 1256 φιλίας
1101 1168 1161 1245 τῆς
1175 1185 1254 1231 συν-

206 1275 342 1364 εχούσης
369 1272 412 1342 τοὶ
439 1275 550 1343 πάντα
582 1279 756 1357 κοινωνίαν
783 1280 962 1362 παρέχουσι
987 1278 1048 1357 τῆς
1075 1273 1255 1342 ἀδιαλύτου

205 1392 410 1473 συμπλοκῆς·
443 1386 501 1474 οὐχ
523 1385 565 1465 ὡς
586 1382 742 1470 τοῦνομα,
763 1384 807 1465 ὥς
828 1412 864 1472 γε
879 1385 963 1455 οὕτω
978 1385 1082 1468 δόξαν,
1104 1384 1255 1455 αὐτόθεν
1271 1405 1300 1456 t·

205 1506 365 1593 ἐμφαίνει,
387 1494 446 1566 τὸν
467 1503 547 1565 νοῦν
568 1502 633 1564 τῶν
647 1501 740 1565 θεῶν
761 1499 1018 1587 προσκλίνουσαι
1031 1511 1103 1576 τοῖς
1115 1496 1254 1583 ἀνθρώ·

204 1638 287 1692 ποις,
309 1607 395 1678 ἄλλοί
417 1609 488 1676 κατ’
508 1607 589 1677 αὐτὸ
611 1607 650 1678 τὸ
679 1610 807 1692 ἀληθὲς
835 1609 878 1688 ὡς
905 1608 1062 1696 βούλεται
1092 1607 1254 1676 tactat-

206 1746 301 1802 σκειν,
329 1720 389 1805 τῆν
410 1723 542 1807 γνώμην
563 1725 628 1787 τῶν
649 1719 839 1808 ἀνθρώπων
868 1724 1054 1804 ἐπιτηδείαν
1074 1719 1256 1808 ἀπεργαζό-
1272 1735 1307 1785 12

205 1859 302 1919 μενοι
323 1832 405 1920 πρὸς
425 1829 464 1900 τὸ
486 1838 629 1919 μετέχειν
650 1836 716 1899 τῶν
738 1835 837 1913 θεῶν,
865 1841 922 1900 καὶ
943 1831 1131 1919 ἀνάγουσαι
1149 1830 1255 1914 αὐτὴν

206 1942 288 2032 πρὸς
302 1942 378 2025 τοὺς
392 1941 495 2022 θεοὺς
508 1948 564 2011 καὶ
581 1941 636 2015 διὰ
649 1948 790 2023 πειθοῦς
803 1949 962 2031 ἐμμελοῦς
977 1940 1255 2033 συναρμόζουσαι.

207 2055 293 2124 ὅθεν
324 2055 367 2140 dr}
388 2062 444 2124 καὶ
466 2054 617 2144 ὀνόματα
647 2058 737 2122 θεῶν
758 2060 935 2143 ἱεροπρεπῆ
962 2061 1018 2124 καί
1039 2049 1146 2123 τᾶλλα
1171 2059 1315 2127 θεία-1ο.

207 2169 408 2256 συνθήματα
436 2166 594 2274 ἀναγρῆοί
621 2165 703 2234 ὄντα
730 2165 813 2255 πρὸς
840 2165 917 2247 τοὺς
952 2165 1053 2247 θεοὺς
1080 2165 1256 2236 συνάπτειν

207 2278 308 2358 αὐτὰς
329 2279 475 2349 δύναται.

235 2578 237 2583 .
279 2533 301 2582 l.
329 2527 438 2597 παθῶν]
455 2528 532 2597 πάθη
545 2529 624 2581 ACD.
697 2532 721 2582 3.
750 2530 839 2598 κλῆσις
856 2548 907 2584 orn.
928 2530 1009 2583 nel).
1080 2533 1105 2582 5.
1133 2525 1254 2600 ἀπεργά-

267 2618 375 2678 ,ζεσθαι
392 2616 421 2668 Β.
531 2619 555 2668 b.
583 2613 644 2668 οὐδὲ
662 2621 691 2668 αἱ
711 2622 740 2667 Α.
764 2610 780 2684 ΙΙ
805 2619 972 2687 προσκλίσεις
990 2615 1052 2666 Gale
1070 2630 1122 2668 not
1140 2615 1171 2666 cf.
1191 2613 1254 2666 iufra

277 2704 359 2755 ν.10.
384 2707 596 2773 προσκλίνουσαι.
668 2706 692 2754 7.
717 2700 808 2768 θείας]
826 2703 863 2753 sic
880 2701 1031 2769 ACllpom.
1048 2702 1080 2755 0.
1153 2702 1176 2761 ll,
1206 2695 1255 2766 οὐχ

278 2785 322 2854 ὡς]
340 2788 375 2838 sic
394 2788 472 2849 ΑΕΒ,
491 2786 540 2854 οὐχ
560 2787 629 2848 ὅπως
647 2789 679 2841 0.
701 2782 714 2857 ΙΙ
734 2789 766 2841 τὰ
786 2785 871 2858 ὄνομα
891 2790 947 2840 nl).
966 2831 968 2835 ,
992 2776 995 2783 Ι

207 3010 287 3066 etad
305 3010 466 3086 principium
484 3009 603 3069 divinum
620 3013 756 3077 unionem,
781 3011 845 3087 quid
862 3010 1097 3088 taudempatibile
1115 3013 1257 3086 qaisquam

208 3099 251 3154 bis
268 3096 393 3174 affingere
411 3098 516 3173 possit?
551 3117 638 3173 neque
657 3099 727 3152 enim
744 3096 818 3152 deos·
828 3117 910 3175 puros
935 3107 961 3152 et
983 3096 1144 3176 impatibiles
1166 3098 1259 3152 istius-

208 3185 281 3241 modi
303 3185 423 3261 impurae
444 3201 540 3260 preces
564 3183 597 3239 ad
620 3203 670 3239 nos
693 3183 818 3260 patibiles
842 3194 870 3240 et
892 3186 1012 3261 impuros
1035 3181 1212 3250 attraherent,
1241 3202 1258 3238 ε

209 3282 301 3329 contra
323 3290 393 3327 vero
405 3289 462 3354 *nos
485 3288 534 3347 per
551 3271 660 3347 genesin
677 3272 797 3347 impuros
815 3281 842 3326 ct
858 3268 984 3347 patibiles
1003 3269 1088 3327 laetos
1106 3266 1139 3325 ad
1157 3270 1258 3346 purita-

208 3371 262 3416 tem
281 3368 307 3415 et
324 3357 359 3413 ad
376 3354 615 3412 immutabilitatem
633 3357 755 3413 formant.

277 3444 335 3502 Sed
357 3460 445 3520 neque
465 3443 648 3498 invocationes
672 3442 724 3498 diis
747 3463 796 3521 per
816 3446 969 3520 passionem
990 3451 1153 3500 connectunt
1170 3454 1259 3497 sacer·

209 3535 295 3600 dotes,
313 3533 432 3608 quinimo
450 3547 500 3606 per
517 3530 658 3584 amicitiam
676 3529 792 3586 divinam
810 3550 877 3605 quae
896 3532 1021 3586 universa
1039 3530 1159 3587 continet
1175 3526 1260 3583 indis*

209 3617 351 3676 solubilem
369 3617 542 3672 connexionis
560 3617 771 3672 communionem
788 3625 932 3693 praestant.
968 3637 1022 3672 non
1041 3614 1112 3692 quod
1129 3613 1260 3670 lncbnmt

209 3705 244 3761 ad
258 3703 381 3759 bomines
400 3702 510 3758 deorum
527 3711 649 3770 mentem,
668 3701 888 3778 quemadmodum
901 3704 1051 3759 existimare
1061 3718 1158 3758 nornen
1169 3701 1259 3777 ipsum

210 3792 315 3857 doceat,
335 3789 384 3844 scd
401 3798 432 3844 at
448 3790 507 3866 ipsa
524 3789 622 3845 veritas
644 3788 742 3846 docere
764 3787 834 3858 vult,
858 3788 995 3846 bominum
1016 3787 1180 3844 voluntatem
1202 3785 1259 3842 ido-

210 3897 287 3935 neam
305 3875 425 3931 efficiunt
440 3873 473 3930 ad
490 3875 691 3953 participandas
709 3876 789 3944 deos,
813 3877 900 3954 ipsam
922 3874 957 3930 ad
980 3894 1027 3930 eos
1050 3874 1215 3930 adducentes
1232 3881 1261 3928 et

210 3983 259 4043 per
277 3960 411 4018 suadelam
429 3960 610 4017 dulcissimam
628 3973 824 4019 connectentes.
861 3961 932 4018 unde
944 3963 1023 4017 etiam
1035 3971 1063 4017 ct
1078 3962 1186 4017 nomina
1197 3959 1260 4016 deo·

212 4068 269 4111 rum
287 4068 370 4116 sacra,
390 4058 417 4104 et
434 4058 522 4105 cetera
541 4047 629 4103 divina
648 4050 777 4125 symbola,
797 4047 913 4126 eoquod
930 4051 1069 4127 anagogica
1080 4057 1153 4116 sunt,
1170 4045 1261 4104 valent

212 4137 394 4195 invocationes
413 4135 465 4193 diis
483 4144 632 4191 annectere.
