2776 4876
204 351 255 406 12!
1186 344 1213 410 ³,
1225 347 1254 398 ii

204 504 346 594 φήτιδες.
392 505 491 589 τριῶν
513 497 555 581 δὴ
577 505 715 568 τουτωνὶ
738 498 907 585 διωνόμων
926 503 1136 586 χρηστηρίων
1156 505 1258 582 λμνη·

203 614 373 701 μόνενσας,
389 613 446 698 οὐχ
464 611 513 680 ὅτι
528 611 616 699 μόνα
632 617 792 692 ἐνταῦθα,
807 608 892 679 πολι)
907 608 970 698 γὰρ
985 615 1123 676 πλείονα
1132 610 1258 697 ὑπῆρχε

205 725 246 792 τοί
269 722 556 813 παραλειπόμενα·
585 723 656 790 ἀλλ’
676 728 745 790 ἐπεὶ
767 736 896 812 προεῖχε
919 726 984 788 τῶν
1007 717 1116 788 ἄλλων
1143 725 1290 800 pantena

206 841 261 903 καί
284 834 357 922 ἅμα
381 829 421 902 οὗ
444 843 538 904 ἕνεκα
561 838 701 917 ἐζητεῖτο
723 839 843 912 ἱκανῶς
866 831 908 899 oia
926 836 1096 909 ἐδίδασκες
1108 837 1183 916 περὶ
1198 834 1258 899 τοῦ

203 946 337 1032 τρόπου,
352 951 440 1037 φημί
453 949 514 1027 τῆς
529 954 564 1012 ἐκ
579 949 672 1013 θεῶν
686 944 881 1034 ἀνθρώποις
893 949 1161 1030 ίπιπεμπομόνης,
1172 967 1257 1030 μαν·

202 1063 300 1138 τείας,
323 1056 378 1124 διοί
403 1062 499 1125 τοῶτο
515 1054 556 1139 δὴ
570 1057 741 1147 ἠρκέσθης
754 1054 893 1134 τούτοις.
931 1061 987 1122 καὶ
1001 1056 1095 1141 ἡμεῖς
1110 1047 1170 1122 οὖν
1184 1059 1256 1141 περὶ
1275 1074 1291 1124 6

202 1173 267 1236 τῶν
288 1172 388 1255 τριῶν
410 1168 535 1238 τούτων
557 1165 773 1252 ποιησόμεθα
796 1164 905 1251 λόγον,
927 1162 987 1234 τόν
1001 1170 1075 1254 περὶ
1090 1171 1156 1234 τῶν
1175 1168 1256 1232 πολ·

203 1283 269 1347 λῶν
289 1284 454 1365 μαντείων
475 1277 576 1364 λόγον
597 1276 808 1366 ὑπερβάντες.

206 1428 209 1434 -
298 1387 344 1457 Τό
367 1387 408 1472 δὴ
424 1397 459 1457 ὲν
477 1395 656 1482 Κολοφῶνι
668 1402 826 1476 μαντεῖον
842 1389 1052 1476 ὁμολογεῖται
1067 1384 1159 1472 παρὰ
1173 1389 1256 1455 πᾶσι
1274 1402 1291 1452 ε

203 1502 245 1568 δι’
264 1500 388 1581 ὕδατος
405 1505 627 1589 χρηματίζειν.
673 1500 756 1568 εἶναι
777 1497 841 1591 γείρ
863 1496 973 1586 πηγὴν
995 1507 1032 1566 ὲν
1060 1500 1138 1585 οίιιφ
1159 1524 1256 1564 κατα-

203 1618 280 1697 γείῳ
302 1617 358 1679 καὶ
379 1611 437 1678 ἀπ’
459 1611 563 1694 αὐτῆς
583 1617 689 1680 πίνειν
710 1610 770 1679 τόν
784 1610 976 1704 προφήτην·
1000 1615 1036 1677 ίν
1056 1632 1123 1677 τιοι
1137 1613 1183 1686 δὲ.
1195 1634 1257 1688 τοι·

203 1735 296 1800 κταῖς
310 1723 401 1803 νυξὶν
415 1728 605 1809 ἱερουργιῶν
619 1727 750 1790 πολλῶν
759 1729 943 1810 γενομένων
953 1722 1122 1812 πρότερον,
1137 1719 1257 1787 πιόντα
1276 1731 1308 1781 12

203 1836 238 1901 δὲ
250 1837 457 1921 χρησμῳδεῖν
473 1833 589 1901 οὐκέθ’
609 1833 776 1921 ὁρώμενον
790 1846 862 1912 τοῖς
875 1839 1022 1923 παροῶοι
1036 1838 1188 1920 θεαροῖς.
1216 1827 1256 1898 τό

202 1949 262 2029 μὲν
285 1937 345 2012 οὖν
360 1943 443 2011 εἶναι
457 1942 617 2032 μαντικόν
631 1952 734 2013 ἐκεῖνο
749 1943 788 2013 τὸ
803 1942 890 2032 ὕδωρ
905 1945 1054 2020 αὐτόθεν
1074 1941 1255 2031 πρόδηλον·

203 2058 241 2122 τὸ
264 2059 298 2123 δὲ
320 2061 389 2134 πῶς
411 2061 480 2125 ἐστὶ
502 2061 663 2136 τοιοῦτον,
683 2057 787 2123 οὐκέτ’
808 2053 851 2123 ἂν
873 2055 960 2123 κατὰ
982 2053 1043 2138 τὴν
1071 2060 1256 2145 παροιμίαν
1276 2067 1308 2120 15

202 2171 269 2245 πῶς
284 2164 369 2255 ἀνὴρ
384 2172 496 2253 γνοίη·
513 2171 601 2234 δοκεῖ
611 2171 671 2254 μὲν
686 2164 750 2256 γὰρ
766 2166 888 2250 διήκειν
903 2195 934 2234 τι
950 2168 992 2234 δι’
1009 2168 1112 2234 αὐτοῦ
1128 2169 1256 2249 πνεῦμα

159 2275 165 2294 '
201 2275 378 2364 μαντικόν·
407 2278 447 2345 οὐ
468 2287 580 2365 μέντοι
603 2276 641 2344 τό
663 2303 699 2362 γε
723 2278 851 2360 ἀληθὲς
881 2278 983 2358 οὕτως
1012 2283 1084 2366 ἔχει.
1130 2274 1176 2361 τό(
1192 2275 1257 2364 γῶρ

204 2392 302 2457 θεῖον
324 2388 365 2456 οὐ
386 2392 640 2480 διαπεφοίτηκεν
662 2387 747 2457 οὕτω
771 2393 956 2469 διαστατῶς
977 2395 1034 2457 καί
1048 2395 1207 2479 μεριοτῶς
1222 2396 1257 2455 ὲν
1276 2397 1309 2446 18

274 2578 300 2628 5.
326 2572 388 2642 τῆς]
415 2585 472 2635 τοῖς
499 2576 532 2628 D.
685 2577 709 2628 6.
736 2571 885 2646 ἠρκέσθης]
909 2576 944 2628 sie
973 2575 1030 2638 Ac,
1065 2573 1198 2648 ἦρκίσθιμ
1225 2576 1258 2630 0.

275 2664 307 2714 11
346 2657 412 2728 εἶπ’]
432 2659 474 2714 ἐπ’
495 2664 528 2716 0.
552 2657 565 2730 Ιί
585 2665 612 2714 tt
630 2661 756 2716 om.2AC.
835 2665 878 2715 12.
904 2666 1020 2716 παίοντα
1039 2663 1072 2716 Ι).
1151 2663 1193 2716 14.
1220 2654 1258 2714 εί-

274 2768 319 2800 va·
335 2768 386 2799 om.
406 2749 438 2801 0.
513 2752 555 2803 16.
582 2746 683 2815 naiton]
702 2747 736 2798 sic
757 2749 812 2808 nl),
830 2745 899 2801 αιἰτὸ
918 2751 951 2801 Ο.

207 2905 384 2985 prophetidos
408 2908 526 2964 audiunt.
573 2907 670 2965 horum
691 2911 772 2965 trium
796 2912 953 2966 nominatim
974 2912 1119 2967 meministi
1141 2910 1260 2967 oraculo·

207 3013 273 3060 rum,
293 3013 348 3048 non
367 2993 438 3069 quod
457 2994 521 3050 haec
540 2997 594 3049 sint
612 2997 709 3063 omnia,
733 2994 815 3051 multa
835 2999 905 3053 onim
924 3006 986 3052 sunt
1003 2995 1082 3075 plura
1101 3018 1168 3073 quae
1184 3017 1260 3075 prae·

205 3081 359 3146 torministi3
376 3079 426 3135 sod
443 3081 567 3155 quoniam
584 3078 650 3137 hano
668 3080 728 3138 aliis
746 3080 887 3138 famosiora
906 3092 1005 3150 essent,
1024 3093 1051 3138 ot
1070 3083 1142 3159 quod
1159 3082 1193 3138 ad
1204 3104 1260 3139 mo-

206 3165 271 3221 dum
287 3165 438 3222 docendum
456 3187 510 3242 quo
527 3167 566 3223 dii
586 3170 737 3224 vaticinium
754 3167 906 3225 hominibus
925 3172 1129 3237 communicant,
1145 3169 1175 3225 id
1187 3168 1260 3244 quod

208 3253 367 3327 quaerimus,
386 3251 563 3321 sufficiebant,
581 3253 643 3310 ideo
663 3256 760 3332 opinor
777 3253 820 3311 his
838 3264 980 3312 contentus
1003 3254 1085 3316 inisti.
1132 3275 1215 3332 quaro
1233 3265 1261 3312 at

207 3357 257 3394 nos
275 3338 311 3394 do
329 3338 371 3394 his
389 3340 476 3396 tribus
500 3339 568 3397 solis
590 3362 710 3417 agemus,
733 3341 839 3418 longam
857 3333 902 3398 (lo¹
914 3341 973 3401 aliis
998 3341 1112 3401 oraculis
1135 3342 1260 3398 omnibus

207 3444 358 3483 sermonem
375 3427 487 3503 insuper
503 3427 628 3483 habituri.

234 3515 236 3521 '
277 3511 329 3567 Est
346 3514 426 3589 igitur
443 3515 472 3569 in
487 3513 615 3571 confesso
632 3513 703 3590 apud
722 3533 815 3569 omnes
827 3513 900 3588 quod
912 3513 1049 3571 oraculum
1061 3512 1261 3591 Colophonium

207 3616 257 3679 por
274 3610 369 3672 nquam
385 3618 516 3676 responsa
534 3600 607 3657 odat:
630 3621 692 3656 osse
713 3601 784 3655 euim
807 3609 912 3656 constat
936 3603 964 3657 in
986 3610 1063 3659 antro
1086 3600 1260 3656 subterraneo

207 3682 308 3740 iontem
326 3703 341 3737 ε
359 3704 411 3760 quo
430 3686 499 3741 bibit
516 3685 655 3764 propheta.
691 3695 836 3764 postquam
853 3695 940 3743 autom
958 3687 1059 3743 biberit
1074 3695 1103 3743 et
1114 3683 1197 3743 multa
1208 3693 1261 3740 sta·

208 3769 274 3829 tutis
292 3770 416 3827 noctibus
435 3791 509 3828 sacra
528 3775 603 3849 prins
621 3780 729 3849 peracta
741 3769 847 3840 inerim,
865 3781 922 3828 tom
934 3771 1040 3829 demum
1051 3774 1211 3832 vaticinatur
1222 3771 1261 3824 in·

207 3853 324 3911 visibilis
342 3854 427 3914 iaetus
446 3859 569 3915 omnibus
588 3861 634 3934 qui
652 3860 786 3914 intersunt
841 3857 915 3935 quod
932 3860 1013 3935 igitur
1035 3879 1103 3935 aqua
1126 3857 1173 3915 ilia
1196 3855 1263 3912 divi-

207 3943 296 4003 natrix
312 3942 348 3999 sit
366 3942 534 4002 manifestum
552 3954 594 4001 ost
611 3965 645 4002 ex
661 3943 719 4001 hisz
738 3944 872 4021 quomodo
890 3955 980 4002 tamon
997 3944 1059 4001 talis
1076 3945 1136 4011 fiat,
1160 3942 1188 3999 id
1207 3943 1263 4018 qui-

197 4028 269 4085 -dom
285 4039 317 4085 nt
333 4038 376 4085 ost
393 4032 421 4086 in
438 4030 583 4107 proverbio
601 4050 656 4084 non
674 4041 717 4087 est
734 4032 877 4088 cuiuslibet
892 4032 1011 4089 hominis
1028 4029 1187 4106 intelligere.
1224 4030 1262 4085 vi·

210 4114 268 4173 deri
286 4119 357 4175 enim
374 4126 466 4193 potest
483 4117 595 4193 spiritus
608 4115 715 4173 divinus
727 4137 776 4193 per
788 4139 884 4194 aquam
895 4120 1025 4184 transiro3
1044 4117 1093 4174 sed
1105 4119 1143 4172 ita
1155 4135 1185 4171 aa
1198 4133 1261 4173 vora

208 4218 263 4257 non
280 4222 310 4258 so
327 4203 428 4264 habant
444 4203 504 4258 ista.
553 4203 642 4279 ipsum
659 4223 772 4278 namque
790 4205 910 4266 diuinum
926 4223 1024 4263 nomon
1041 4205 1152 4265 nonita
1170 4221 1263 4261 εεεοο-
