2776 4876
104 339 175 404 s‚2o
1050 311 1052 313 ’
1109 343 1162 399 εει

104 518 165 581 ρον
187 490 452 582 προσαγάγωμεν
474 489 497 575 ἢ
519 491 710 584 ἀλλότριον·
734 499 787 562 ἐπὶ
809 500 855 580 τῷ
878 500 962 563 τέλει
976 501 1010 564 δέ
1030 498 1162 567 κάκεῖνο

106 607 392 691 παραγγέλλομεν,
428 603 655 691 στοχάζεσθαι
687 603 823 672 πάντων
856 610 970 686 τελέως
998 613 1065 676 τῶν
1089 615 1164 699 περὶ

72 727 87 779 3
106 716 203 801 ἡμᾶς,
225 719 292 783 τῶν
314 724 349 783 ἐν
362 720 410 801 τῷ
424 720 533 796 παντί,
555 719 622 784 τῶν
636 711 722 782 κατά
742 723 821 802 γένη
837 720 1057 805 διωρισμένων
1072 725 1164 788 θεῶν

107 827 257 913 ἀγγέλων
280 825 457 913 δαιμόνων,
479 831 535 894 καί
558 823 641 917 πρὸς
662 825 791 905 πάντας
806 829 908 923 ταίιτῇ
923 830 1047 918 ὁμοίως
1060 836 1165 920 προο·

107 942 192 1030 φιλῇ
207 935 269 1019 τὴν
283 943 412 1005 θυσίαν
427 941 626 1023 δωρεῖσθαι·
649 936 758 1024 μόνως
771 926 840 1028 γόιρΙ
852 936 896 1008 σίν
911 941 1015 1022 οὕτως
1031 942 1165 1024 ἐπάξιος

73 1053 174 1115 ἐτῶν
197 1047 428 1140 ἐφεστηκότων
451 1049 555 1130 αὐτῆς
576 1052 670 1115 θεῶν
691 1048 713 1130 ἡ
736 1042 887 1135 ἁγὶστεία
909 1061 1047 1138 γίνοιτο.

193 1159 283 1226 Ἐπεί
307 1162 341 1226 δέ
363 1167 464 1248 μέρος
485 1163 552 1226 τῶν
573 1163 704 1227 θυσιῶν
727 1159 827 1227 οὐτὸ
854 1161 1074 1252 σμικρότατόν
1097 1171 1165 1231 ἐστι
1182 1167 1222 1228 26

108 1264 147 1338 τό
169 1273 235 1336 τῶν
257 1270 366 1358 εὐχῶν,
390 1274 577 1357 συμπληροῖ
598 1294 633 1336 τε
657 1266 760 1349 αὐτός
782 1278 817 1339 ἐν
839 1283 911 1352 τοῖς
932 1272 1086 1361 μάλιστα,
1109 1280 1166 1342 καί

73 1377 164 1448 oded
186 1379 311 1449 τούτων
333 1378 527 1464 κρατύνεται
548 1380 659 1448 αὐτῶν
680 1384 736 1448 καὶ
758 1387 951 1452 ἐπιτελεῖται
971 1381 1011 1451 τὸ
1027 1389 1097 1452 πᾶν
1112 1389 1164 1473 ἐρ·

108 1517 177 1577 γον,
206 1491 320 1573 κοινήν
341 1517 377 1558 τε
401 1495 588 1559 συντέλειαν
610 1503 753 1558 ποιεῖται
774 1489 856 1583 πρὸς
878 1493 939 1577 τὴν
968 1499 1165 1585 θρησκείαν,

108 1607 166 1670 καὶ
187 1599 248 1685 τὴν
271 1607 446 1671 κοινωνίαν
462 1601 642 1670 ἀδιάλυτον
656 1607 804 1691 ἐμπλέκει
819 1604 881 1685 τὴν
895 1603 1062 1692 ἱερατικὴν
1082 1604 1166 1695 πρὸς
1186 1670 1195 1689 s

57 1721 91 1775 12
108 1713 186 1791 τους
208 1711 319 1792 θεούς,
343 1713 382 1781 οὐ
402 1725 515 1801 χεῖρον
537 1718 680 1801 καὶπερὶ
695 1713 797 1794 αὐτῆς
812 1715 909 1800 ὀλίγα
924 1720 1087 1784 διελθεῖν·
1110 1721 1166 1785 καὶ

109 1821 174 1910 γάρ
190 1821 272 1890 αὐτὸ
295 1823 380 1889 καθ’
400 1819 481 1890 αὑτὸ
505 1829 602 1892 τοῦτο
618 1822 714 1905 ἄξιόν
732 1831 800 1892 ἐστι
816 1823 1009 1910 μαθήσεως,
1031 1832 1089 1895 καί
1104 1825 1165 1910 τὴν

111 1938 187 2023 περὶ
208 1938 302 2002 θεῶν
324 1932 507 2020 ἐπιστήμην
528 1939 731 2022 τελεωτέραν
753 1934 980 2024 ἀπεργάζεται
1019 1942 1107 2029 φημὶ
1124 1936 1165 2019 δὴ

58 2060 92 2111 15
111 2038 172 2112 οείν
194 2046 237 2124 ὡς
258 2041 298 2112 τὸ
320 2049 380 2129 μὲν
399 2050 533 2133 πρῶτον
554 2049 614 2127 τῆς
643 2045 739 2133 εὐχῆς
761 2046 847 2125 εἶδος
869 2054 938 2113 ἐστι
964 2047 1166 2134 συναγωγόν,

111 2160 264 2247 συναφῆς
291 2181 325 2223 τε
353 2159 413 2236 τῆς
435 2153 518 2246 πρὸς
540 2154 578 2222 τό
608 2159 709 2222 θεῖον
736 2161 792 2224 καί
820 2161 1003 2242 γνωρίσεως
1031 2158 1165 2247 ἐξηγού·

110 2289 239 2352 μενον·1
255 2262 294 2334 τὸ
318 2266 348 2334 δ’
366 2263 548 2350 ἐπὶτοότῳ
569 2270 741 2344 κοινωνίας
767 2267 988 2353 ὁμονοητικῆς
1017 2274 1166 2340 συνδετι»

184 2507 207 2558 1.
226 2501 401 2577 προσάγωμεν
411 2507 444 2559 D.
485 2507 510 2559 2.
529 2508 727 2577 παραγγίλομεν
738 2509 767 2560 Α.
782 2500 796 2575 ΙΙ
806 2506 913 2567 πάντως
922 2507 955 2560 Ο.
1033 2509 1059 2561 l.
1078 2504 1166 2582 ταῦτῄ

181 2589 277 2660 scripsi,
294 2591 380 2662 ταίτη
400 2596 431 2656 Α,
458 2588 548 2646 ταῦτα
567 2593 601 2645 0.
717 2593 740 2646 6.
768 2586 839 2667 αὐτῇ
859 2595 891 2647 0.
1010 2596 1033 2646 7.
1064 2587 1097 2649 οὗ
1114 2592 1164 2660 τό]

183 2674 251 2730 οὕτω
268 2675 303 2729 D.
374 2681 399 2732 8.
427 2684 452 2732 ίν
464 2684 521 2738 τοῖς
534 2676 573 2730 bis
585 2677 657 2748 ponit
675 2679 708 2730 D.
781 2679 823 2731 1⁰.
851 2677 982 2746 ποιεῖται]
1002 2688 1112 2734 ποιεῖτε
1131 2681 1164 2732 D·

184 2763 224 2816 12.
253 2761 352 2834 ταύτης
371 2764 426 2820 cl).
451 2759 463 2834 ΙΙ
487 2760 575 2832 ὀλίγον
594 2764 648 2817 Ac.
779 2766 820 2819 1³.
849 2761 918 2818 καθ’
933 2763 1020 2832 αὐτὰ]
1044 2767 1115 2820 κατὰ
1132 2765 1165 2819 τὸ

183 2845 251 2903 αὐτὸ
269 2850 303 2904 0.
411 2852 453 2906 17.
481 2849 582 2905 τούτων
601 2851 682 2905 Aen.

113 3067 318 3144 cumspicinmus
335 3065 489 3143 diligenter,
514 3077 542 3123 et
560 3069 673 3143 quaein
689 3066 797 3134 mundo,
816 3069 881 3124 item
897 3067 963 3123 deos
982 3065 1089 3142 angelos
1107 3067 1168 3127 duo

114 3170 206 3208 mones
224 3154 348 3228 gentibus
366 3153 539 3221 distributos,
563 3153 659 3210 etheo
677 3155 820 3228 unicuique
842 3154 944 3208 ratione
967 3162 1069 3228 gratum
1086 3155 1167 3209 sucri-

113 3236 205 3293 ficium
222 3239 346 3296 similiter
364 3241 514 3296 offeramus.
562 3238 614 3296 hoc
632 3241 704 3295 enim
720 3249 801 3317 pacto
818 3238 947 3295 duntaxat
969 3237 1048 3314 digne
1066 3240 1166 3314 praesi·

114 3322 194 3380 dente
212 3328 320 3383 numine
337 3327 513 3385 sanctimonia
532 3328 631 3383 semri
650 3327 746 3402 possit.

185 3410 409 3489 Quandoquidem
430 3431 495 3469 vero
520 3431 614 3489 preces
637 3431 730 3489 magns
751 3431 814 3489 pers
838 3412 893 3466 sint
911 3408 1116 3474 sacrificiorum,
1140 3417 1167 3462 et
1184 3406 1224 3465 26

113 3497 141 3550 iu
158 3499 253 3571 primis
272 3519 303 3554 eu
319 3500 484 3575 perficiunt,v
500 3497 635 3574 roburque
658 3508 685 3556 cl
707 3498 963 3556 consummationem
985 3493 1049 3550 inde
1072 3492 1168 3553 habeat

113 3591 200 3636 totum
218 3602 311 3639 eornm
328 3603 409 3659 opus,
433 3601 600 3641 communem
618 3586 697 3641 etium
715 3583 858 3641 utilitatem
881 3584 932 3638 toti
950 3579 1075 3656 religioni
1092 3599 1167 3658 prus·

112 3676 198 3734 stent,
223 3677 251 3723 et
272 3671 431 3727 societatem
448 3668 662 3728 indissolubilem
679 3671 746 3728 deos
770 3673 841 3727 inter
858 3678 886 3725 et
908 3667 1064 3724 sacerdotes
1086 3667 1168 3726 confir

113 3755 193 3820 cient,
212 3771 266 3809 non
285 3754 333 3815 abs
351 3775 381 3810 re
399 3755 451 3810 erit
468 3757 493 3811 si
511 3776 594 3832 pauca
618 3757 653 3814 de
675 3757 801 3834 precibus
826 3754 980 3811 edisseram.
1025 3773 1086 3811 num
1106 3774 1168 3812 curn

112 3860 144 3895 ee
161 3859 205 3896 res
223 3839 302 3917 dignu
319 3861 369 3919 per
386 3860 417 3896 se
439 3841 477 3896 sit
494 3861 562 3916 quse
582 3851 774 3918 cognoscetur,
797 3849 854 3896 tum
877 3842 956 3899 etium
979 3838 1043 3897 lucit
1065 3839 1118 3898 hoc
1139 3843 1167 3897 in

112 3923 174 3980 loco
193 3925 227 3981 ud
243 3925 431 4004 perfectiorem
450 3926 599 3983 divinarum
617 3946 706 3982 rerum
724 3927 870 3981 scientium.
917 3925 977 3982 dico
996 3927 1077 4001 igitur
1095 3925 1168 4002 quod

112 4013 197 4088 prima
219 4031 330 4087 precum
353 4014 458 4089 species
481 4022 641 4088 congregate
664 4021 868 4089 contactumque
891 4022 919 4069 et
942 4014 1065 4071 notitiam
1087 4011 1166 4066 nobis

112 4099 184 4156 cirea
201 4096 291 4155 divina
308 4108 440 4177 preestnt3
464 4097 582 4156 secunde
604 4108 647 4156 est
668 4117 815 4155 consensus
838 4100 1086 4173 communionisque
1109 4098 1166 4174 rin·

113 4181 210 4254 culum,
233 4195 260 4242 et
278 4186 348 4245 done
366 4186 445 4245 uobis
464 4186 560 4243 invitet
577 4206 593 4241 ε
609 4184 665 4244 diis
682 4185 797 4245 demisso
820 4187 900 4244 etiam
918 4194 1058 4259 antequem
1076 4180 1167 4258 loquer
