2776 4876
214 353 267 407 176
1199 350 1226 414 3,
1237 354 1269 405 31

214 506 328 575 κάτων.
374 511 435 593 ἐρῶ
451 505 493 588 δή
509 530 562 574 σοι
576 512 632 573 καὶ
646 504 729 592 πρὸς
744 508 850 573 ταῦτα
865 503 966 590 λόγον
981 502 1021 572 ὅν
1036 529 1116 572 ποτε
1133 501 1272 586 ἤκουσα,

218 621 400 686 Χαλδαίων
421 627 501 686 ποτε
523 623 705 707 προφητῶν
728 617 900 704 λεγόντων.

299 725 393 796 Ὅσοι
414 734 474 816 μὲν
497 734 574 796 θεοί
597 732 656 812 τῆς
677 729 852 810 ἀληθείας,
875 733 941 795 τῶν
963 728 1108 813 ἀγαθῶν
1130 730 1193 796 είσὶ
1207 726 1306 814 pot-a

214 867 281 910 νων
304 844 454 926 δοτῆρες,
482 840 598 926 μόνοις
619 866 654 908 τε
677 853 746 919 τοῖς
769 841 919 925 ἀγαθοῖς
941 838 1084 929 ἀνδράσι
1108 862 1272 928 προσομι·

214 957 316 1031 λοῦσι,
338 956 395 1018 καὶ
417 965 487 1031 τοῖς
509 948 564 1019 διά
586 955 646 1035 τῆς
667 958 829 1040 ἱερατικῆς
846 952 1177 1040 ἀποκεκαθαρμίνοις
1192 973 1272 1037 συγ·

212 1069 398 1151 γίγνονται,
426 1062 619 1132 ὲκκόπτουσί
647 1089 681 1131 τε
708 1064 767 1132 ἀπ’
787 1064 896 1131 αὐτῶν
923 1066 1039 1131 πᾶσαν
1066 1067 1186 1129 κακίαν
1214 1065 1307 1131 καὶσ

214 1180 283 1244 πᾶν
305 1173 431 1254 πάθος.
477 1174 602 1244 τούτων
625 1180 659 1244 δὲ
682 1176 933 1263 ἐπιλαμπόντων
956 1174 1083 1266 ἀφανὲς
1105 1171 1145 1241 τὸ
1167 1171 1272 1240 κακὸν

213 1291 270 1355 καὶ
299 1286 474 1373 δαιμόνιον
502 1288 671 1369 ἐξίσταται
698 1299 768 1367 τοῖς
803 1292 999 1377 κρείττοσιν,
1034 1284 1143 1375 ῶσπερ
1182 1288 1271 1376 φωτὶ

213 1399 340 1477 σκότος.
386 1403 442 1466 καὶ
471 1398 546 1467 οὐδὲ
574 1397 612 1467 τά
641 1397 741 1488 τυχὸν
768 1404 963 1485 παρενοχλεῖ
990 1410 1061 1476 τοῖς
1082 1400 1307 1485 θεουργοῖς,9

213 1508 277 1601 ἀφ’
297 1502 337 1578 οὗ
359 1507 400 1594 δὴ
423 1516 479 1579 καὶ
500 1517 615 1579 πᾶσαν
637 1508 758 1601 ἀρετὴν
781 1513 941 1599 δέχονται,
963 1514 1019 1577 καὶ
1038 1511 1178 1598 χρηστοὶ
1199 1520 1271 1585 τοῖς

213 1618 336 1702 ἤθεσιν
358 1626 581 1691 ἐπιτελοῦνται
602 1629 658 1691 καὶ
680 1622 820 1709 κόσμιοι,
842 1625 968 1689 παθῶν
989 1646 1023 1689 τε
1038 1618 1272 1687 ἀπαλλάττον-

215 1758 270 1799 ται
292 1737 348 1800 καὶ
369 1732 479 1817 πάσης
501 1733 646 1802 ἀτάκτου
667 1733 832 1815 κινήσεως,
854 1737 920 1801 τῶν
935 1758 969 1800 τε
984 1732 1100 1799 ἀθέων
1118 1735 1175 1798 καὶ
1190 1730 1270 1798 ἀνο-
1291 1739 1323 1789 12

214 1848 295 1910 σίων
316 1842 447 1932 τρόπων
469 1843 727 1933 καθαρεύουσα.
766 1843 841 1913 ὅσοι
863 1849 899 1911 δὲ
922 1852 1004 1912 εἰσιν
1026 1843 1123 1912 αάτοί
1145 1868 1179 1910 τε
1196 1842 1270 1908 ἀλι-

212 1955 328 2042 τήριοι,
350 1960 404 2023 καί
428 1955 587 2042 ἀθέσμοις
609 1960 665 2022 καί
687 1954 835 2035 ἀτάκτως
857 1958 1037 2039 ἐπιπηδῶσι
1060 1968 1131 2032 τοῖς
1149 1957 1270 2032 θείοις,

213 2067 255 2134 δι’
274 2066 414 2136 ἀτονίαν
436 2093 470 2135 τε
493 2073 551 2150 τῆς
578 2072 699 2145 οίκείας
728 2072 891 2155 ἐνεργείας
918 2064 942 2149 ἢ
969 2072 1029 2149 τῆς
1055 2062 1270 2153 ὑπαρχούσης
1290 2077 1321 2127 1⁶

212 2179 325 2258 αὐτοῖς
347 2178 517 2263 δυνάμεως
539 2182 666 2246 ’ἔνδειαν
689 2178 728 2246 οὐ
756 2177 917 2260 δύνανται
944 2181 1010 2245 τῶν
1033 2181 1126 2245 θεῶν
1148 2175 1269 2264 τυγχά-

213 2315 290 2358 νειν.
337 2299 365 2358 εί
385 2293 451 2359 καὶ·
465 2290 520 2357 διά
543 2315 636 2368 τινας
664 2286 830 2376 μιασμοὺς
857 2289 1071 2378 ἀπείργονται
1100 2292 1159 2370 της
1185 2284 1270 2376 πράς

212 2399 254 2468 τά
277 2398 428 2491 ἀχραντα
449 2400 621 2488 πνεύματα
645 2407 829 2482 συνουσίας,
852 2399 937 2469 οὕτω
961 2412 1031 2480 τοῖς
1045 2412 1158 2477 κακοῖς
1171 2396 1270 2466 πνεά-
1289 2409 1321 2460 18

283 2591 307 2641 3.
334 2595 394 2648 ταῖς
412 2584 554 2656 ἀληθείαις
573 2587 638 2640 Gale
655 2601 706 2639 not.
780 2588 804 2640 3.
815 2587 840 2637 d.
868 2583 971 2656 μόνων]
996 2586 1032 2638 εἰσ
1049 2586 1105 2649 AC,
1130 2585 1216 2656 μόνως
1234 2586 1268 2637 Ο.

283 2676 307 2727 5.
327 2675 351 2727 6.
383 2672 587 2744 συγγίγνονται]
616 2673 651 2725 sie
684 2676 720 2736 A,
760 2676 930 2741 σνγκίνονται
956 2672 992 2737 Β,
1033 2676 1203 2742 συγγίνονται
1232 2671 1267 2725 0.

283 2762 326 2813 13.
340 2760 381 2812 11.
408 2757 534 2830 ἀλιτίριοι
551 2761 585 2813 0.
668 2762 708 2812 15.
737 2757 782 2824 τε]
801 2758 936 2824 stenen,
955 2778 1006 2811 om.
1026 2759 1061 2822 0.
1148 2760 1188 2811 ld.
1217 2755 1269 2811 αὖ-

282 2842 355 2910 τοῖς]
374 2841 457 2914 adripe
475 2845 531 2898 CD.
552 2840 565 2914 ΙΙ
585 2846 697 2899 δύναται
714 2846 747 2897 D.
839 2847 880 2898 17.
908 2843 946 2910 εἰ]
964 2841 982 2912 ἢ
1002 2849 1031 2897 Α.

212 3033 271 3068 rum
289 3022 485 3090 postmortem
503 3016 652 3070 mentiatur.
698 3013 732 3069 ad
750 3014 816 3068 haec
835 3015 915 3088 igitur
931 3012 1100 3090 respondebo
1117 3033 1269 3069 sermonem

211 3100 262 3156 tibi
281 3098 421 3167 narrando,
441 3120 520 3175 quem
537 3099 628 3156 audivi
645 3122 660 3155 a
679 3099 876 3157 Chaldaeorum
893 3098 1042 3177 prophetis.

282 3186 330 3242 Dii
348 3195 480 3263 quotquot
497 3189 555 3242 veri
573 3197 644 3255 sunt,
664 3186 729 3243 dant
746 3208 809 3244 vera
827 3197 930 3243 tantum
947 3185 1026 3252 bona,
1045 3195 1073 3241 et
1084 3184 1216 3242 bonorum
1228 3189 1269 3243 vi·

147 3337 153 3353 ,
211 3290 302 3329 rorum
320 3282 422 3328 tantum
441 3273 635 3330 consuetudine
652 3283 776 3342 utuntur,
799 3284 827 3330 et
844 3293 906 3330 enm
923 3275 958 3329 iis
982 3270 1050 3328 solis
1074 3283 1268 3330 conversantur

211 3361 258 3435 qui
280 3380 330 3437 per
352 3379 428 3416 sacra
452 3362 503 3416 rite
525 3362 630 3437 purgati
648 3359 730 3428 inere,
758 3382 774 3415 a
796 3361 892 3437 quibus
916 3361 995 3415 etiam
1022 3378 1101 3414 omne
1121 3360 1217 3414 vitium
1241 3370 1268 3416 et

209 3466 316 3503 omnem
333 3449 488 3524 passionem
509 3446 708 3524 praescindunt.
755 3445 784 3502 hi
809 3448 913 3522 quoties
936 3444 1064 3521 affulgent
1085 3447 1113 3501 in
1134 3445 1268 3504 bonorum

210 3543 324 3601 mentes,
348 3533 477 3610 quioquid
495 3543 553 3589 erat
569 3533 667 3590 malum
685 3542 730 3590 ant
747 3533 933 3590 daemonicum
950 3532 1017 3608 fugit
1038 3532 1073 3588 ad
1091 3542 1268 3610 conspectum

210 3616 363 3687 meliorum,
385 3618 470 3677 veluti
486 3621 612 3678 tenebrae
630 3631 691 3677 ante
708 3619 808 3676 solem:
832 3640 883 3677 nec
905 3618 950 3676 vel
973 3617 1107 3675 tantillum
1124 3618 1197 3676 valet
1214 3641 1268 3676 am·

209 3701 282 3781 plius
299 3706 361 3780 pios
379 3706 488 3762 turbare
505 3707 715 3775 sacrificatores,
739 3709 785 3782 qui
807 3707 922 3784 proinde
944 3705 1123 3763 omnimodam
1140 3707 1268 3763 virtantem

210 3788 421 3865 indipisonntur,
444 3792 512 3848 finnt
529 3795 649 3851 moribus
668 3796 764 3871 optimi
782 3803 810 3850 et
828 3793 1031 3869 elegantissimi,
1055 3815 1070 3848 a
1094 3794 1267 3869 passionibus

209 3873 289 3932 liberi
307 3884 336 3931 et
352 3875 385 3931 ab
404 3881 476 3933 omni
494 3879 633 3956 irregulari
651 3891 734 3948 motu,
752 3881 786 3937 ab
805 3881 927 3937 omnibus
946 3881 1062 3956 deniqne
1081 3878 1167 3935 atheis
1181 3889 1208 3935 et
1219 3882 1267 3936 im·

209 3964 264 4040 piis
282 3961 402 4017 moribus
421 3961 597 4022 delaecantnr.
643 3969 668 4023 si
686 3969 732 4044 qni
750 3986 815 4023 vero
840 3969 895 4022 sint
917 3969 963 4043 qni
986 3969 1039 4044 ipsi
1057 3968 1155 4044 impuri
1173 3976 1267 4024 eontra

210 4050 280 4104 ritus
299 4056 327 4104 et
346 4046 468 4103 ordinem
486 4069 623 4108 sacrorum
635 4073 710 4110 sacra
722 4052 870 4110 insolenter
880 4053 1018 4121 invadunt,
1037 4051 1066 4109 hi
1078 4072 1142 4109 sane
1153 4064 1268 4131 propter

209 4135 374 4213 operationis
391 4134 574 4190 infirmitatem
591 4147 619 4193 et
629 4142 766 4215 potentiae
778 4139 910 4197 deiectum
923 4140 989 4197 deos
1002 4141 1109 4216 assequi
1121 4151 1266 4216 nequeunt.

210 4221 355 4293 quinetiam
375 4229 489 4300 propter
504 4222 701 4298 inquinamenta
724 4246 771 4282 sna
789 4237 821 4285 ut
838 4249 853 4284 a
871 4228 1012 4306 spiritibus
1032 4229 1110 4305 puris
1132 4237 1266 4295 areentur,
