2776 4876
205 349 276 416 3,1δ
1208 354 1259 409 137

205 513 286 572 κινεῖ
309 507 343 570 δέ
367 507 423 570 καὶ
445 503 464 571 ὁ
487 507 553 570 τῶν
576 501 666 585 ζάων
687 507 809 595 ἐφορος
836 507 980 590 δαίμων,
1009 501 1074 588 ἤδη
1103 509 1215 575 δὲκαὶ
1238 509 1259 590 ἡ

206 619 265 685 τοῦ
287 614 385 702 ἀέρος
407 611 513 703 τροπὴ
535 618 590 681 καὶ
612 614 633 697 ἡ
656 613 857 697 καθήκουσα
879 611 947 682 ἀπὸ
969 620 1029 684 τοῦ
1043 617 1187 706 οὐρανοῦ
1204 617 1259 687 δύ-

171 739 304 811 3ναμις
327 733 371 804 είς
393 722 452 792 τὸν
475 725 574 813 ἀέρα·
596 723 707 793 πάντα
730 731 971 817 συμφωνοῦντα
990 736 1060 806 τοῖς
1073 728 1261 816 βουλήμασι

207 840 271 905 τῶν
295 839 387 903 θεῶν
408 836 481 921 άῃει
503 831 607 914 αάτάς
628 835 898 923 ὁμολογουμένως
920 836 970 916 οἷς
991 845 1023 906 οἱ
1045 843 1125 908 θεοὶ
1138 865 1261 930 καταρ-

204 943 267 1034 χάς
289 944 504 1014 ἐπιτάττουσι.
540 958 676 1032 σημεῖον
692 950 727 1015 δὲ
742 952 798 1014 καί
812 944 935 1016 τούτου
949 955 1119 1034 μέγιστον·
1143 951 1182 1019 οὐ
1197 952 1260 1039 ῃάρ

172 1077 189 1128 t
207 1061 272 1126 τῶν
294 1053 380 1124 κατά
403 1055 504 1149 φάσιν
526 1063 591 1125 τινὶ
612 1063 781 1147 προσέοικε
796 1055 967 1148 πράγματι
979 1056 1017 1127 τὸ
1039 1060 1261 1152 ἀπορρήσσειν

206 1166 284 1247 ταάς
306 1164 450 1257 ὄρνιθας
472 1167 591 1247 αὐτοάς
611 1166 747 1248 ἑαυτοὺς
760 1175 817 1239 καὶ
832 1169 980 1257 ἀναιρεῖν
994 1171 1166 1252 πολλάκις·
1190 1173 1264 1241 ἀλλ’

207 1272 367 1370 ὑπερφυές
389 1276 431 1362 δὴ
453 1278 491 1347 τὸ
514 1285 611 1370 ἔργον
632 1284 702 1348 ἐστί
725 1285 832 1362 τοῦτο,
855 1280 899 1360 ἀς
920 1288 1032 1371 ἐτέρου
1053 1282 1143 1362 τινὸς
1165 1281 1261 1364 ὄντος
1321 1360 1329 1379 .

173 1394 267 1458 osori
289 1387 346 1484 διά
365 1394 432 1458 τῶν
455 1390 604 1478 ὀρνίθων
626 1395 731 1458 ταῦτα
755 1391 1028 1480 ἀπεργαζομένου.

293 1497 391 1569 Ἀλλά
412 1496 480 1587 μὴν
502 1506 542 1568 αί
560 1526 597 1588 με
618 1505 684 1568 τῶν
706 1497 836 1591 ἀστρων
852 1508 956 1594 φοραί
970 1502 1187 1586 πλησιάζουσι
1202 1510 1262 1593 μέν

208 1620 281 1690 ταῖς
295 1612 367 1678 κατ’
384 1607 529 1702 οὐρανὸν
544 1610 662 1692 ἀιδίοις
676 1622 880 1704 περιφοραῖς,
902 1613 942 1681 οὐ
951 1612 1042 1700 τόπῳ
1055 1614 1160 1702 μόνον
1176 1613 1266 1683 ἀλλά

157 1734 191 1785 12
208 1727 265 1790 καλ
286 1733 360 1802 ταῖς
381 1721 541 1809 δυνάμεσι
561 1727 618 1790 καὶ
646 1734 719 1801 ταῖς
745 1727 806 1792 τοῦ
834 1721 945 1817 φωτὸς
973 1727 1185 1815 διαδρομαῖς·
1214 1752 1262 1793 κι-

208 1837 344 1901 νοῦνται
366 1836 401 1902 δέ
424 1832 549 1924 ὅπῃπερ
572 1831 615 1900 ἀν
637 1839 669 1901 οἱ
683 1834 755 1902 κατ’
772 1831 916 1924 οάρανδν
930 1838 1010 1903 θεοὶ
1026 1837 1185 1904 κελεύωσι.
1223 1835 1262 1905 τὸ

208 1941 273 2033 γάρ
296 1944 515 2029 εὐαγέστατον
543 1949 599 2012 καὶ
628 1941 731 2034 ἀκρον
758 1949 819 2012 τοῦ
847 1945 945 2034 ἀέρος
972 1951 1160 2029 ἐπιτηδείως
1188 1952 1263 2035 έχον

158 2075 190 2126 15
208 2053 426 2135 ἐξάπτεσθαι
437 2064 482 2134 είς
496 2059 570 2145 πῦρ,
593 2055 664 2144 άμα
680 2080 713 2123 τε
728 2054 931 2125 ἐπινεύουσιν
946 2063 978 2124 οἱ
995 2062 1073 2126 θεοὶ
1087 2064 1144 2127 καὶ
1160 2059 1264 2137 εὐθὺς

209 2165 430 2233 ἀνακαίεται..
456 2163 516 2233 ἐάν
538 2170 572 2233 δέ
595 2192 644 2246 τις
665 2172 722 2235 καὶ
744 2169 858 2260 νομίζῃ
885 2172 951 2235 τῶν
979 2168 1143 2258 οὐρανίων
1171 2166 1264 2249 τινάς

208 2276 396 2366 ἀπορροίας
418 2277 617 2346 ἐνδίδοσθαι
639 2285 683 2356 είς
704 2274 764 2345 τὸν
787 2277 877 2365 ἀέρα,
899 2282 955 2345 καὶ
978 2273 1075 2358 οὗτος
1090 2280 1149 2346 οὐκ
1163 2279 1263 2347 ἀλλά-

158 2405 192 2458 18
208 2412 284 2476 τρια
307 2387 439 2470 δοξάσει
460 2392 527 2455 τῶν
548 2391 721 2475 δρωμένων
750 2395 786 2455 ἐν
807 2393 846 2479 τῃ
867 2393 952 2474 θεία
973 2395 1067 2482 τέχνῃ
1096 2387 1263 2469 πολλάκις.

282 2623 306 2673 1.
334 2623 362 2673 δὲ
380 2619 441 2688 καί]
460 2620 497 2674 sic
515 2620 595 2686 Aet),
613 2624 641 2674 δέ
660 2621 693 2675 O.
802 2623 827 2674 6.
854 2615 1049 2692 ἀπορράπτειν]
1068 2620 1104 2672 sic
1121 2621 1185 2674 Gale
1202 2637 1263 2687 not,

281 2701 439 2778 ἀπορίσσειν
456 2706 489 2770 D,
512 2703 674 2780 ἀπορὴσσιιν
691 2707 724 2762 Ο.
820 2709 846 2761 t.
873 2703 951 2772 τοὺς]
970 2705 1020 2766 τάς
1038 2708 1069 2760 Α.
1159 2708 1185 2762 8.
1213 2706 1262 2777 δὴ]

281 2789 315 2861 δὴ
327 2813 354 2845 τι
371 2791 451 2845 ACD.
524 2793 567 2846 10.
594 2795 681 2864 φωναί
699 2790 894 2863 πλησιάζουσαι
911 2791 942 2844 Β.
1016 2794 1057 2845 15.
1085 2792 1262 2861 ἐξάπτεσθαι]

281 2874 423 2936 ἐξάπτεται
440 2877 504 2930 Gale
521 2893 572 2932 not.
646 2881 687 2932 16.
716 2876 770 2947 τις]
789 2899 816 2932 τι
835 2877 890 2931 cl).
911 2871 924 2946 ΙΙ
944 2875 1053 2950 νομίζῃ]
1071 2877 1107 2930 sic
1124 2879 1264 2943 vehemus,

281 2965 374 3034 νομίζῃ
391 2962 471 3029 nel),
495 2967 595 3034 νομίζει
613 2966 646 3019 Ο.
736 2967 777 3018 17.
805 2959 939 3036 ἀποῤῥίας
955 2963 990 3016 Ι).

211 3170 335 3226 omnibns
352 3169 512 3250 animalibus
529 3171 659 3229 daemone
676 3182 734 3230 tum
751 3172 784 3228 nb
802 3177 865 3229 aire
881 3180 938 3227 tnm
961 3170 993 3225 nb
1012 3169 1159 3226 influentiis
1181 3169 1264 3238 ensli3

212 3276 280 3332 qnae
304 3259 391 3313 omnia
414 3259 570 3336 conspirant
592 3277 652 3315 cnm
673 3258 785 3315 deorum
801 3256 952 3325 voluntate,
976 3274 1075 3330 sssqns
1097 3267 1178 3332 agunt
1202 3277 1264 3315 con·

211 3352 336 3415 gruenter
353 3342 388 3399 nd
405 3343 433 3398 id
452 3342 526 3420 qnod
542 3343 577 3399 ab
595 3345 673 3400 initio
692 3343 730 3400 dii
747 3351 949 3422 praeceperunt.
995 3338 1074 3397 huius
1092 3344 1132 3397 rei
1147 3341 1215 3399 illud
1225 3346 1265 3399 in·

213 3427 312 3484 (licium
329 3439 372 3485 est
389 3431 544 3498 maximum,
569 3429 644 3506 quod
659 3449 741 3508 steps
757 3429 892 3488 videamus
910 3448 987 3495 aves,
1013 3426 1085 3503 quod
1108 3425 1207 3483 nullius
1225 3431 1265 3484 rei

212 3524 305 3569 natura
323 3517 432 3590 patitur,
451 3533 481 3570 se
498 3518 572 3592 ipsas
591 3513 709 3592 affligere
726 3518 754 3572 in
773 3525 872 3572 terram
889 3523 918 3569 et
929 3515 1095 3581 interimam
1112 3523 1143 3570 nt
1154 3533 1266 3570 neeesse

212 3602 249 3655 sit
267 3599 425 3667 concedere,
443 3599 495 3656 hoc
514 3599 588 3657 nlind
605 3599 671 3678 quid
688 3621 758 3670 esse,
776 3600 848 3678 quod
865 3602 917 3657 ista
935 3619 985 3676 per
1003 3620 1067 3657 aves
1084 3610 1216 3679 operatur.

282 3681 369 3739 Porro
387 3694 520 3742 astrorum
536 3706 632 3743 cursus
648 3688 731 3744 vicini
749 3697 813 3744 sunt
829 3686 945 3743 aeternis
963 3684 1032 3741 caeli
1054 3686 1183 3756 motibus,
1210 3705 1265 3744 non

213 3781 316 3827 tantum
333 3769 395 3826 loen
413 3769 462 3826 ssd
480 3780 508 3828 et
524 3770 698 3848 qualitatibus
715 3783 743 3829 et
753 3770 823 3829 lucis
835 3770 1042 3836 radiationibus3
1059 3771 1131 3837 unde
1141 3775 1266 3830 nimirum

213 3857 248 3915 εδ
266 3858 378 3914 deorum
395 3865 488 3913 nutum
505 3866 539 3913 et
550 3859 603 3935 ipsi
621 3859 794 3915 concitantur.
844 3875 905 3912 nam
922 3857 993 3912 airis
1016 3876 1079 3934 pars
1097 3877 1221 3936 suprema
1239 3866 1267 3913 et

213 3943 391 4021 liquidissima
410 3962 470 4001 curn
488 3951 548 4020 τρέε
571 3945 609 3999 sit
624 3945 713 4020 ipson
729 3945 868 4018 attingere,
891 3944 979 3999 statim
998 3941 1144 4020 conflagrat
1161 3945 1266 4019 quotins

213 4031 252 4087 dii
269 4034 405 4088 iusserint.
456 4029 529 4107 qnod
547 4030 572 4085 si
589 4030 650 4105 quis
667 4030 705 4085 its
717 4030 911 4086 existimaverit
928 4027 1056 4107 qnasdnm
1072 4050 1088 4086 ε
1106 4026 1266 4085 caelestibus

214 4119 243 4175 in
261 4123 351 4175 sitem
369 4119 454 4174 emitti
473 4116 635 4184 influentias,
654 4134 791 4172 mnenon
808 4114 894 4172 alisna
911 4117 945 4174 ab
963 4118 997 4174 iis
1016 4136 1084 4192 ροσε
1101 4110 1191 4168 solent
1208 4130 1267 4170 sve·

213 4204 273 4261 nire
290 4204 319 4260 in
337 4215 394 4260 arte
412 4224 487 4261 sacra
504 4203 675 4261 existimabit
722 4201 825 4260 secedit
843 4203 916 4280 qnod
932 4206 996 4262 unio
1009 4213 1037 4260 st
1049 4197 1198 4277 sympathia
1209 4200 1267 4260 uni·
