2776 4876
215 345 249 400 92
1199 347 1270 410 nto

215 502 444 586 διελίμχονται,
458 504 513 565 καὶ
529 498 828 584 ἀποδοκιμάζουσιν
843 497 951 567 αὐτῶν
967 495 1028 580 τὴν
1037 502 1271 586 πεπλασμένην

215 616 441 699 προσποίησιν,
465 611 507 688 ῶς
530 609 681 696 οὐδαμῶς
694 608 909 698 ὑπάρχουσαν
924 609 1099 690 ἀληθινῶν
1112 614 1169 680 καὶ
1184 610 1269 695 ἀνα·

215 725 290 788 θῶν
311 719 514 807 πνευμάτων.
560 721 634 790 οὐδὲ
663 724 712 788 δεῖ
739 718 781 787 τά
810 720 1035 810 ἁμαρτήματα
1063 728 1301 813 παραφέρειν3

214 839 248 900 ἐν
270 837 308 925 τῇ
330 831 478 924 ἀληθινῇ
499 845 603 921 κρίσει
625 837 688 898 τῶν
711 827 824 898 ὄντων.
863 832 937 901 οὐδὲ
959 830 1024 919 γάρ
1046 837 1099 899 ἐπὶ
1122 837 1187 900 τῶν
1209 830 1269 901 ἀλ-

214 948 279 1010 λων
302 949 486 1029 ἐπιστημῶν
509 939 531 1026 ἢ
553 947 673 1031 τεχνῶν
695 943 756 1035 ἀφ’
777 935 822 1009 ῶν
845 940 868 1008 ἀ
890 943 1154 1035 διασφοίλλονται
1176 942 1218 1010 τά
1235 952 1269 1013 ἐν

213 1053 325 1132 αὐτοῖς
348 1058 426 1140 ἔργα
450 1051 677 1139 δοκιμάζομεν.
1286 1077 1302 1128 η

212 1160 229 1192 ‘
303 1162 364 1247 Μὴ
387 1170 499 1234 τοίνυν
520 1167 603 1251 μηδὲ
626 1168 778 1233 ἐνταῦθα
800 1163 843 1232 τά
865 1164 960 1252 μόλις
981 1170 1038 1233 καὶ
1060 1163 1115 1233 διά
1143 1170 1269 1254 μυρίων

213 1275 349 1363 ἀγώνων
376 1272 634 1366 κατορθούμενα
663 1273 731 1347 ἀπὸ
758 1282 824 1343 τῶν
853 1278 887 1358 ἐξ
916 1281 1094 1364 ἐπιδρομῆς
1122 1276 1269 1362 ἀμαθῶς

213 1387 444 1471 ὲπιπηδώντωυ
466 1391 506 1480 τῇ
529 1391 703 1474 θεαγωγία
722 1391 960 1481 χαρακτηρίζη·
982 1394 1082 1456 πλέον
1104 1391 1139 1456 δὲ
1163 1385 1301 1457 notra-a

212 1525 272 1585 ρον
294 1499 487 1591 ἀποφαίνου
508 1503 583 1588 περὶ
598 1497 715 1567 αὐτῶν.
761 1507 788 1566 ελ
802 1497 867 1589 γὰρ
884 1496 927 1565 τά
941 1498 1171 1568 ἀποπίπτοντα
1187 1502 1268 1585 ἔργα

214 1615 272 1693 τῆς
294 1610 506 1701 αὐτοφανοῶς
529 1609 655 1691 δείξεως
677 1608 817 1679 τοιαῶτά
833 1617 922 1677 ἐστιν
937 1607 991 1679 οἶα
1008 1606 1050 1681 οὐ
1064 1614 1166 1696 λέγεις
1183 1610 1267 1677 ἀλα-

212 1719 325 1803 ζονικά
346 1727 402 1792 καὶ
424 1725 546 1814 ψευδῆ,
574 1720 616 1788 roi
645 1724 710 1788 τῶν
739 1720 913 1803 ἀληθινῶν
943 1721 1103 1802 ἀθλητῶν
1130 1725 1205 1809 περὶ
1228 1716 1267 1790 τὸ
1287 1735 1318 1786 12

125 1874 128 1879 -
211 1836 276 1921 πῦρ
299 1830 418 1918 γνήσιοί
441 1858 475 1900 τε
498 1840 567 1900 ἐστι
594 1836 650 1900 καὶ
679 1831 839 1911 ἀληθινοί.
890 1831 998 1920 ῶσπερ
1026 1831 1091 1920 μάρ
1120 1838 1173 1900 ἐπὶ
1201 1835 1267 1902 τῶν

212 1940 320 2011 ἀλλων
342 1942 499 2014 ἀπάντων
521 1940 564 2010 τά
586 1941 705 2033 ἀρχικοὶ
733 1943 869 2030 πρώτως
892 1943 953 2036 ἀφ’
972 1948 1096 2014 ἑαυτῶν
1123 1941 1266 2032 ἄρχεται,

210 2060 266 2122 καὶ
288 2061 417 2133 ἑαυτοῖς
439 2059 571 2145 παρέχει
594 2051 674 2142 ὅπερ
696 2066 767 2133 τοῖς
789 2053 904 2134 ἀλλοις
926 2058 1109 2136 ἐνδίδωσιν,
1136 2053 1208 2123 οἷον
1231 2061 1267 2122 ἐν
1285 2075 1319 2127 15

179 2165 182 2169 ’
212 2165 311 2252 οὐσίᾳ
333 2172 368 2235 ἐν
390 2167 454 2255 ζωῇ
477 2163 666 2246 tractorium,
688 2163 773 2235 οὕτω
797 2171 852 2233 καὶ
874 2161 917 2234 soi
938 2162 1000 2247 τὴν
1022 2163 1190 2247 ἀληθειαν
1210 2191 1267 2253 χο-

211 2280 377 2365 ρηγοῦντα
398 2281 483 2345 πᾶσι
503 2288 573 2355 τοῖς
596 2269 670 2346 οὖσι
691 2282 767 2365 περὶ
788 2281 914 2345 ἑαυτῶν
935 2275 1069 2364 πρώτως
1097 2274 1267 2359 ἀληθεύει,

210 2393 265 2454 καὶ
289 2380 349 2469 τὴν
371 2394 496 2455 ἑαυτῶν
518 2388 636 2456 οὐσίαν
657 2395 910 2477 προηγουμένως
925 2387 1105 2478 ἀναφαίνει
1118 2401 1189 2466 τοῖς
1205 2392 1267 2455 θε-
1286 2402 1319 2453 18

283 2576 304 2624 1.
324 2571 514 2640 διιλδγχονται]
525 2573 562 2624 aio
571 2576 603 2635 A,
622 2576 742 2642 διελίμχει
754 2574 786 2637 Β,
801 2576 959 2641 διιλίμχιτοιι
972 2572 1027 2633 CD,
1040 2574 1223 2639 drotinorcou
1233 2576 1266 2626 0.

291 2652 304 2726 ΙΙ
316 2654 569 2729 ἀποδοκιμάζουσιν]
587 2659 623 2711 ric
640 2679 725 2725 margo
744 2659 803 2710 Bet
815 2659 848 2721 0,
867 2655 1073 2729 ἀποδοκιμάζειν
1093 2658 1173 2722 Aci),
1196 2656 1267 2712 cino·

281 2741 414 2813 δοκιμάζει
433 2744 462 2796 Β.
484 2739 497 2813 Ιί
517 2743 853 2814 πῖπλοισμίιηνῙτίεΑΟΙ),
872 2747 1067 2815 πεπλοαημίνιμ
1086 2744 1120 2797 O.
1193 2748 1218 2798 5.
1246 2741 1266 2798 ἀ

281 2829 393 2881 additum
412 2849 441 2880 ex
461 2833 490 2881 A.
563 2832 586 2883 t.
614 2831 790 2897 ίπιπηδόιτυιι
809 2831 842 2884 Ο.
855 2825 867 2899 ΙΙ
877 2830 1051 2902 χαρακτήριζι
1064 2829 1092 2882 C.
1105 2824 1117 2898 ΙΙ
1130 2833 1220 2885 πλεῖον
1234 2833 1265 2884 Α.

213 3007 370 3081 redarguere
389 3015 416 3059 et
434 3003 549 3062 refutare
566 3025 658 3062 eorum
676 3006 769 3063 fictum
787 3018 962 3085 praetextum,
986 3017 1016 3062 nt
1034 3008 1106 3062 veris
1125 3004 1265 3082 spiritibus

213 3103 239 3148 et
257 3092 336 3147 bouis
356 3092 463 3145 minime
481 3093 627 3168 proprium.
673 3092 722 3148 sed
740 3112 790 3148 nee
808 3104 915 3170 oportet
932 3102 1041 3171 peccata
1062 3090 1129 3147 baec
1151 3093 1176 3146 si
1199 3112 1267 3167 quac

212 3180 321 3235 suntin
339 3177 456 3233 medium
473 3178 577 3247 afferre,
597 3180 642 3235 ubi
660 3180 788 3236 iudicium
806 3182 941 3255 quaeritur
960 3179 994 3236 da
1011 3199 1041 3235 re
1059 3180 1153 3255 quavis
1165 3197 1265 3234 rerum.

213 3284 272 3320 nam
291 3266 387 3319 artium
405 3263 659 3341 disciplinarumque
678 3285 759 3343 opera
777 3285 831 3322 nou
850 3265 967 3323 solemus
985 3265 1133 3322 diiudicare
1151 3285 1185 3320 ex
1197 3284 1266 3320 erra·

212 3352 247 3406 tis
266 3371 333 3426 quae
351 3352 380 3407 in
397 3352 432 3406 iis
450 3350 693 3428 deprehenduntur.

282 3436 373 3510 Quare
390 3457 440 3493 uec
457 3447 488 3493 tu
505 3437 689 3514 theogogicam
705 3436 774 3494 banc
786 3447 868 3494 artem
880 3438 995 3505 notabis,
1014 3457 1082 3513 quae
1093 3436 1206 3493 infinitis
1219 3437 1266 3492 ob·

212 3523 408 3579 servationibus
425 3525 472 3579 vix
490 3522 596 3579 tandem
614 3523 811 3601 perficiebatur,
833 3544 866 3580 ex
884 3527 977 3601 paucis
995 3526 1023 3580 in
1041 3544 1099 3580 earn
1117 3542 1167 3601 per
1183 3526 1265 3579 insci·

210 3607 274 3661 tiam
291 3607 470 3664 incidentibus
489 3610 591 3664 erratis.
635 3612 728 3687 potius
745 3609 818 3666 aliud
836 3609 901 3686 quid
919 3609 953 3666 de
964 3611 1008 3667 bis
1020 3610 1104 3667 dicito
1156 3613 1182 3667 si
1193 3613 1265 3667 enim

211 3711 281 3766 quae
298 3713 313 3748 a
331 3694 470 3770 spiritibus
489 3695 679 3772 apparentibus
696 3698 861 3774 proveniunt
879 3715 959 3774 opera
984 3699 1133 3772 arrogantia
1156 3705 1266 3752 suntet

212 3775 347 3832 mendacia
365 3789 447 3856 prout
464 3789 493 3836 tu
511 3780 666 3847 contendis,
688 3801 752 3838 sane
774 3802 898 3839 verorum
920 3785 1062 3861 spirituum
1084 3785 1153 3839 circa
1177 3785 1265 3858 iguem
1354 3848 1357 3850 ,

212 3880 275 3918 vera
294 3874 357 3919 suut
375 3883 455 3942 opera
473 3876 502 3923 et
519 3865 642 3943 legitima.
687 3878 717 3924 nt
735 3870 806 3925 enim
824 3871 851 3925 in
870 3872 967 3925 ceteris
986 3871 1110 3926 omnibus
1132 3871 1265 3946 principa·

212 3948 248 4005 lia
266 3950 380 4026 primum
399 3951 426 4005 iu
445 3971 475 4006 se
493 3953 561 4028 ipsis
580 3953 762 4022 exordiuntur,
785 3957 891 4031 sibique
908 3958 966 4033 ipsa
984 3957 1113 4033 praebent
1132 3954 1206 4031 quod
1224 3975 1266 4010 ce·
1293 3973 1294 3976 ’

214 4036 277 4092 teris
297 4033 432 4104 extritam,
451 4037 532 4113 idque
549 4039 581 4095 fit
598 4043 625 4097 iu
644 4043 759 4098 essentia
778 4043 806 4097 in
824 4044 878 4098 vita
897 4044 924 4098 iu
943 4051 1026 4109 motu,
1045 4043 1085 4097 sic
1097 4061 1162 4097 sane
1174 4043 1266 4118 superi

212 4124 352 4178 veritatem
370 4124 494 4179 omnibus
512 4128 582 4182 eirca
601 4147 630 4182 se
652 4127 868 4206 suppeditantes,
891 4130 979 4205 primo
1002 4126 1037 4183 de
1059 4148 1089 4183 se
1111 4130 1179 4205 ipsis
1202 4147 1266 4184 vera

214 4208 377 4284 praedicant,
395 4230 524 4288 suamquc
541 4215 684 4271 essentiam
702 4217 844 4292 praecipuo
855 4212 1098 4291 contemplantibus
1110 4213 1265 4281 ostendunt,
