2776 4876
1199 182 1218 212 θ

213 332 263 398 6,1
1214 337 1264 396 2⁴1

310 490 423 553 Ταῦτα
445 491 505 572 μὲν
529 479 589 554 οὖν
617 487 675 556 οὐκ
702 484 745 555 ἀν
767 484 876 566 ἀλλοις
905 491 986 574 ίχοι·
1021 484 1060 557 τὸ
1083 493 1117 557 δὲ
1146 489 1264 560 λοιπὸν
1281 489 1346 576 t,1

213 603 286 685 ἐμοὶ
307 593 421 685 καιρὸς
443 602 497 665 ἐπὶ
518 593 580 679 τὴν
602 599 677 680 ἑξῆς
691 598 838 687 ἀπορίαν
852 593 899 666 ῶν
913 597 954 667 σι)
968 603 1148 690 προτείνεις
1166 627 1266 687 μετα-

177 713 351 797 3βοιίνειν.
397 713 430 775 εί
459 703 524 796 γάρ
552 707 690 792 δήποτε,
719 711 762 789 ῶς
791 711 809 778 ὁ
839 709 897 789 σὸς
923 710 1036 797 λόγος,
1065 716 1182 795 νεκροῦ
1208 718 1269 798 μὲν

215 821 334 914 ἀναφῆ
357 824 406 887 δεῖ
428 819 512 887 εἶναι
533 817 594 886 τάν
621 819 780 903 ἐπόπτην,
811 819 867 890 διά
896 827 930 890 δὲ
958 826 1080 910 νεκρῶν
1109 822 1198 903 ζῶον
1225 823 1268 892 τά

164 1017 166 1021 .
213 929 322 998 πολλά
345 937 381 998 οιί
405 934 590 1017 θεαγωγίαι
612 937 852 1018 ἐπιτελοῦνται,·
880 931 981 1002 πάλιν
1003 927 1063 1002 οὖν
1084 938 1141 1002 καὶ
1162 939 1268 1002 ταῦτα

176 1057 193 1110 6
213 1039 401 1121 διαλύοντες
422 1039 484 1123 τὴν
507 1047 672 1111 δοκοῦσαν
695 1043 777 1110 εἶναι
791 1043 902 1132 μάχην
925 1044 1197 1136 ἐπισκεψώμεθα·
1220 1042 1267 1134 μὴ

212 1152 365 1239 οὐδαμῶς
393 1146 414 1245 ᾖ
439 1179 489 1233 τις
518 1162 553 1221 ἐν
582 1154 666 1247 αὐτῇ
694 1153 882 1237 ἀντίθεσις,
916 1162 1072 1247 φαίνεται
1100 1160 1135 1225 δὲ
1162 1155 1267 1243 μόνον

212 1269 368 1343 ἐναντίοις
390 1268 482 1352 ἔχειν.
522 1273 548 1332 εί
570 1270 630 1351 μὲν
652 1262 716 1353 γὰρ
739 1272 805 1333 τῶν
827 1267 937 1335 αὐτῶν
959 1271 1082 1354 νεκρῶν
1105 1266 1268 1353 σωμάτων

176 1380 267 1442 tacet
290 1374 466 1463 ἀπείχοντο
489 1379 548 1456 τῆς
570 1375 662 1467 ἁφῆς
684 1375 916 1460 nutrimento,
938 1371 981 1461 ἦν
1004 1374 1047 1447 ἀν
1069 1382 1168 1446 τοῦτο
1184 1376 1267 1467 πρὸς

210 1483 309 1554 έαοτὸ
330 1487 535 1568 ὑπεναντίον,
558 1495 586 1554 εί
608 1491 643 1555 δὲ
666 1483 775 1556 ἀλλων
796 1494 856 1575 μὲν
878 1489 1065 1577 ἀπέχεσθαι
1078 1494 1267 1580 παραγγέλ·

210 1602 305 1665 λουσι
327 1603 392 1665 τῶν
408 1598 555 1687 ἀνιερῶν,
578 1594 688 1668 ἀλλων
703 1603 737 1667 δὲ
753 1597 924 1668 ἅπτεσθαι
939 1598 1004 1668 ὅσα
1018 1604 1266 1692 καθιεροῦντιιι,

157 1717 192 1768 12
212 1707 371 1795 οὐδεμίαν
393 1714 491 1776 τοῦτο
515 1713 579 1795 ἔχει
601 1714 808 1779 ἐναντίωσιν·
840 1716 885 1778 ἔτι
907 1715 1020 1779 τοίνυν
1041 1717 1106 1779 τῶν
1127 1716 1187 1800 μὲν
1209 1712 1266 1779 ἀν-

210 1823 388 1904 θρωπείων
411 1816 581 1907 σωμοίτων,
604 1817 737 1887 ἑπειδάν
760 1821 904 1915 ἀπολίπῃ
927 1817 1013 1889 αὐτοὶ
1034 1821 1056 1902 ἡ
1078 1822 1177 1911 ψυχή,
1208 1823 1266 1891 οὐκ

210 1929 312 2010 ἔξεστι
328 1929 512 2016 θιγγάνειν.
551 1935 610 2012 τῆς
632 1928 697 2020 γὰρ
712 1935 813 2011 θείας
835 1934 918 2014 ζωῆς
940 1933 1028 2020 ’ίχνος
1044 1959 1075 2001 τι
1094 1931 1266 2015 ἢείδωλον

158 2037 232 2123 1σῆ
253 2045 395 2132 ἐ’μφασις
417 2045 696 2128 ἑναποσβέννυται
717 2050 752 2111 ἐν
774 2049 820 2129 τῷ
843 2041 969 2129 σῶματι
998 2040 1084 2111 κατά
1112 2039 1172 2112 τὸν
1195 2043 1265 2110 θά-

208 2177 326 2232 νατον,
360 2154 425 2221 τῶν
453 2157 488 2221 δὲ
522 2149 631 2220 ἀλλων
658 2153 749 2234 ζῶων
785 2155 891 2221 οὐκέτι
924 2153 1062 2223 ἀνόσιον
1096 2153 1264 2224 ἅπτεσθαι

213 2261 440 2345 τεθνηκότων,
473 2262 583 2345 ἐπειδὴ
618 2263 692 2331 οὐδὲ
718 2263 970 2346 κεκοινωνήκασι
1005 2270 1063 2347 τῆς
1089 2271 1265 2355 θειοτέρας

281 2428 306 2480 4.
334 2421 439 2496 ἀναφῆ]
458 2425 494 2477 εἰσ
513 2429 544 2489 Α,
572 2423 663 2494 ἀληθῆ
681 2425 761 2488 BCD,
789 2421 874 2495 ἀθιγῆ
893 2427 926 2490 0,
948 2428 978 2479 cf.
996 2426 1060 2478 infra
1078 2449 1101 2479 v.
1115 2429 1138 2479 9.
1170 2422 1181 2495 ΙΙ
1212 2428 1265 2479 δεῖν

281 2511 361 2565 ecl).
382 2506 395 2580 ΙΙ
415 2510 538 2565 ἐπόπται
555 2511 589 2563 D.
680 2513 705 2564 6.
733 2509 942 2583 ίιιισχεψῶμεθα
960 2513 994 2565 D.
1085 2514 1109 2566 9.
1141 2507 1213 2583 ἀφῇς
1232 2512 1264 2565 Β.

281 2601 322 2651 11.
350 2595 466 2652 ἅπτεται
484 2599 517 2651 0.
639 2599 680 2649 12.
708 2598 858 2663 ἔχειτοῦτο
879 2600 910 2649 Α.
1031 2600 1072 2652 13.
1099 2597 1188 2667 ἧστο.
1208 2598 1262 2651 ΑΟ.

284 2685 326 2736 14.
355 2681 455 2750 ἔξεστι]
474 2682 537 2753 ὄψιν
556 2682 640 2745 Aen,
669 2677 734 2745 ὄψιν
750 2682 774 2735 Β
792 2685 852 2749 Reg.
872 2677 886 2750 ΙΙ
907 2679 970 2751 ὄψιν
988 2682 1111 2753 θιγγάνει
1128 2704 1213 2750 margo
1232 2683 1263 2736 Β.

291 2764 392 2838 ΙΙτιῆ]
411 2769 446 2821 sic
467 2770 518 2831 AC,
542 2790 568 2822 τι
588 2771 620 2822 0.
718 2772 759 2821 15.
787 2773 895 2840 ἔμβασις
914 2768 993 2822 BCD.
1089 2774 1129 2822 17.
1159 2767 1263 2839 ἐπειδὴ]

280 2857 335 2908 ἐπεὶ
353 2853 434 2907 acl).
455 2877 457 2882 ’

280 2991 351 3049 Haec
369 2994 450 3068 igitur
463 2992 520 3049 alio
539 2993 619 3049 modo
637 3013 668 3049 se
690 2993 788 3050 habere
806 3013 860 3049 non
883 3004 1006 3072 possunt.
1054 3004 1137 3051 restat
1160 2996 1213 3050 iam
1235 3003 1264 3051 et
1285 2994 1302 3052 l

208 3090 313 3156 tempus
327 3088 417 3134 monet
435 3089 466 3134 ut
483 3078 516 3135 ad
535 3090 691 3155 sequentem
710 3100 724 3134 a
742 3089 770 3135 tc
787 3081 956 3157 propositam
967 3080 1162 3136 dubitationem
1179 3088 1266 3135 trans·

208 3182 274 3220 eam.
323 3185 405 3241 quare
423 3168 504 3228 enim¹
529 3176 558 3221 ut
576 3166 639 3222 iniis
663 3176 706 3233 tu,
730 3175 838 3242 oportet
861 3186 998 3222 sacrorum
1020 3168 1200 3242 inspectorem
1223 3185 1265 3221 ca·

209 3250 291 3307 darer
309 3272 363 3307 non
380 3262 496 3328 tangere,
515 3273 575 3308 eum
594 3255 701 3308 interim
719 3254 747 3306 in
765 3254 850 3308 sacris
871 3251 1072 3328 operationibus
1090 3271 1140 3329 per
1151 3260 1263 3311 mactata

208 3337 329 3394 animalia
348 3337 477 3417 pleraque
494 3339 668 3416 peragantur?
696 3357 788 3393 rursus
808 3340 896 3413 igitur,
914 3348 944 3393 ut
961 3335 1027 3394 haec
1043 3336 1183 3405 diluamus,
1203 3357 1265 3393 con·

208 3423 357 3484 rideremus
375 3423 444 3480 hanc
463 3434 635 3501 apparentem
652 3443 775 3501 pugnam.
823 3434 865 3480 est
883 3443 946 3499 crgo
958 3422 1031 3478 nulla
1042 3442 1106 3479 vcra
1119 3424 1265 3500 oppositio,

207 3509 335 3566 ridentur
352 3520 456 3565 tantum
474 3506 540 3565 haec
559 3511 668 3586 opponi.
703 3530 777 3566 nam
789 3513 813 3567 si
826 3531 881 3566 non
892 3520 1001 3585 tangere
1014 3519 1041 3564 et
1052 3519 1160 3585 tangere
1172 3507 1265 3563 cadem

208 3613 323 3671 corpora
341 3595 497 3652 iuberentur
515 3594 678 3663 sacerdotes,
703 3607 776 3651 esset
793 3596 902 3672 quidem
923 3595 989 3651 haec
1008 3594 1192 3663 contradictio,
1215 3593 1266 3650 scd

207 3701 270 3737 cum
288 3678 396 3735 iubeant
413 3680 486 3756 leges
505 3700 642 3737 sacrorum
659 3684 693 3738 ab
711 3680 771 3737 aliis
796 3691 824 3736 et
840 3680 948 3758 quidem
972 3701 1026 3735 nou
1049 3682 1161 3737 sacratis
1185 3680 1266 3737 absti-

208 3786 288 3833 nere,
312 3765 363 3821 alia
382 3786 447 3822 vero
464 3776 496 3822 ut
514 3787 581 3841 quae
599 3777 754 3824 consecrata
773 3777 836 3823 sunt
854 3769 984 3842 attingere
1000 3769 1168 3843 permittent,
1192 3765 1264 3822 nulla

208 3862 251 3908 est
268 3853 313 3909 bic
332 3851 518 3909 contradictio.
565 3863 704 3931 praeterea
723 3871 836 3929 corpora
855 3851 980 3920 humana,
1003 3863 1145 3930 postquam
1169 3873 1200 3909 eu
1219 3853 1264 3909 de·

209 3940 324 3993 seruerit
341 3941 404 4006 vita,
422 3959 476 3995 non
495 3939 561 3995 licet
578 3949 699 4013 tangere:
722 3958 784 3993 nam
801 3939 830 3992 in
848 3947 941 3992 nostro
966 3958 1079 4016 corpore
1102 3941 1265 4016 extinguitur

208 4043 258 4100 per
276 4034 389 4079 mortem
408 4025 515 4081 divinae
532 4027 604 4080 ritae
621 4027 747 4081 strictura
765 4027 960 4101 representatio
977 4028 1123 4104 apparitio,
1148 4035 1265 4082 caetero-

208 4129 267 4165 rum
285 4129 350 4165 vero
369 4109 522 4166 animalium
540 4129 665 4188 corpora,
689 4121 832 4189 postquam
850 4122 952 4167 mortua
971 4115 1038 4182 sint,
1064 4115 1193 4188 attingere
1211 4130 1265 4166 non

209 4205 252 4251 est
269 4194 352 4264 nefas,
378 4199 504 4272 quoniam
521 4199 604 4254 vitam
623 4196 740 4254 divinam
758 4218 923 4275 nequaquam
940 4197 1144 4277 participabant.
1193 4217 1266 4254 accc-

1063 4308 1096 4359 16
