2776 4876
375 325 427 383 Tb.
447 326 524 385 Galei
543 339 705 407 conspectus
724 332 808 384 totius
826 331 924 407 operis.
1091 346 1176 387 xuvn

190 487 224 542 9.»
252 483 424 542 Providentia
443 486 555 544 deorum
571 486 654 544 nullis
672 487 741 543 locis
756 488 1000 556 circumscribitur,
1018 490 1106 544 omnia
1117 507 1177 566 per·

119 579 195 637 vadit
212 591 240 636 et
257 591 392 656 tamquam
404 579 472 637 solis
484 580 531 638 lux
542 581 638 659 replet,
656 592 737 659 prout
754 584 812 638 eius
829 603 950 659 quaeque
967 592 1032 638 sunt
1042 584 1159 660 capacia.

192 678 233 730 10.
269 674 367 732 Divina
390 696 444 731 nou
462 676 661 754 distinguuntur
677 696 728 754 per
745 676 923 734 differentiam
940 676 1061 754 patibilis
1072 686 1112 732 et
1129 679 1177 732 im·

118 768 254 847 patibilis3
273 790 360 846 neque
378 773 449 826 enim
467 773 553 828 anima
571 781 693 849 separata
706 770 852 848 quidquam
863 773 971 849 patitur,
990 770 1175 828 multominus

118 885 188 941 quae
206 874 269 920 sunt
286 886 316 920 ea
334 869 535 942 praestantiora.

192 962 232 1015 ll.
271 959 422 1016 Daemones
441 961 533 1018 mundi
552 971 672 1017 rectores
690 980 745 1017 non
763 970 826 1016 sunt
843 958 983 1038 patibiles,
1006 958 1071 1016 lieet
1088 962 1118 1016 iu
1135 980 1175 1015 sa·

118 1054 174 1108 cris
197 1073 241 1108 res
263 1072 408 1132 corporeae
430 1056 465 1111 iis
490 1055 643 1112 offerantur.
692 1073 827 1110 sacrarum
850 1054 1058 1110 ceremoniarum
1081 1074 1175 1109 musae

119 1156 147 1202 et
165 1148 289 1225 origines.
335 1149 369 1205 de
387 1151 472 1205 sacris
491 1148 651 1227 quibusdam
669 1151 697 1205 in
715 1151 807 1228 specie
824 1146 946 1226 Priapeia
965 1158 992 1204 et
1004 1145 1143 1204 Venereis.

191 1244 232 1298 12.
269 1240 317 1297 Dii
334 1240 416 1299 nullis
439 1253 582 1321 tanguntur
601 1244 787 1320 passionibus,
810 1243 932 1320 quamvis
953 1243 1079 1321 precibus
1102 1243 1174 1298 llecti

118 1335 265 1393 videantur.
310 1326 449 1394 ultroneus
468 1345 510 1394 est
528 1337 639 1395 deorum
657 1337 691 1394 ad
708 1335 941 1394 benefaciendum
952 1347 1054 1393 motus:
1073 1329 1175 1393 animae

119 1442 229 1489 nostrae
246 1432 417 1510 passionibus
439 1428 586 1498 liberantur
608 1432 637 1487 in
659 1433 793 1509 precibus.
839 1442 906 1509 quot
930 1442 957 1488 et
980 1441 1077 1508 quanta
1095 1431 1173 1486 nobis

118 1525 183 1583 inde
201 1525 347 1584 obveniunt
363 1526 442 1584 bona.

191 1625 232 1678 13.
255 1602 312 1677 'De
329 1619 440 1678 deorum
457 1623 505 1688 ira,
525 1617 612 1699 qualis
631 1623 675 1688 sit,
695 1622 752 1676 eius
769 1617 886 1697 placatio
905 1640 959 1676 non
977 1620 1063 1698 arguit
1080 1621 1109 1674 in
1121 1618 1174 1674 diis

118 1715 304 1780 mutationem3
323 1714 533 1794 supplicationes
551 1714 619 1770 mala
630 1724 820 1781 averruncant;
839 1712 950 1771 deorum
961 1711 1174 1770 benevolentiam

118 1808 271 1866 conciliant.
1169 1804 1172 1811 “

192 1907 232 1960 lt.
268 1903 312 1959 De
330 1904 490 1960 necessitate
509 1924 576 1981 quae
595 1906 724 1983 competit
742 1903 803 1960 diis.

191 2001 232 2053 15.
268 1997 317 2054 Dii
334 2016 388 2052 non
407 1996 605 2074 distinguuntur
622 2019 637 2054 a
655 1997 829 2056 daemonibus
852 1999 955 2054 ratione
977 2017 1059 2075 purae
1077 1995 1175 2053 intelli·

116 2094 229 2170 gentiae.
274 2081 471 2168 'intelligentiae
493 2114 576 2171 purae
596 2104 712 2172 possunt
734 2093 826 2150 audire
846 2112 956 2170 preces,
980 2101 1008 2146 et
1031 2089 1173 2167 quomodo.

117 2187 153 2244 de
173 2185 315 2266 precibus,
340 2205 430 2242 earum
452 2207 502 2243 usu
525 2189 686 2245 necessitate
708 2188 795 2244 fructu
818 2173 983 2243 auctoritate.
1028 2184 1174 2242 materialia

118 2283 233 2361 quaein
251 2278 492 2360 supplicationibus
512 2283 661 2339 offeruntur
678 2282 740 2350 diis,
763 2302 818 2336 non
836 2280 952 2359 probant
969 2277 1172 2358 supplicandum

119 2372 181 2433 esse
198 2375 250 2432 diis
269 2358 373 2432 lantum
390 2373 555 2433 animalibus.
604 2379 632 2433 in
654 2364 716 2433 istis
734 2373 917 2433 materialibus
939 2373 1023 2429 latent
1045 2373 1173 2450 quaedam

118 2470 266 2551 diviniores
284 2471 402 2551 rationes
422 2469 475 2551 diis
494 2473 691 2528 convenientes.

189 2566 231 2620 16.
250 2560 399 2621 'Reiicitur
417 2550 468 2621 alia¹
487 2563 638 2623 diffeientia
656 2567 745 2646 posita
762 2586 777 2621 a
796 2562 947 2644 Porpbyrio
969 2565 1043 2623 inter
1062 2562 1127 2619 deos
1146 2573 1173 2619 et

117 2658 274 2726 daemonas3
302 2657 408 2716 seilicet
431 2659 503 2737 quod
526 2658 565 2715 dii
588 2661 643 2718 siut
668 2660 834 2738 incorporei,
862 2657 1006 2714 daemones
1028 2678 1092 2715 vero
1116 2679 1173 2716 cor-

116 2752 202 2832 porei,
255 2826 259 2833 .

188 2849 230 2904 1'1.
267 2845 416 2929 Quaerenti
433 2842 594 2927 Porphyrio,
614 2849 660 2924 qui
681 2848 790 2930 possipt
808 2845 849 2902 sol
869 2857 896 2904 et
913 2845 976 2905 luna
989 2847 1027 2904 dii
1039 2868 1100 2904 esse
1112 2868 1173 2904 cum

117 2941 172 2998 sint
190 2942 323 3019 corporei,
345 2940 492 3020 respondet
509 2939 675 2999 Jamblicbus
693 2940 785 2998 multis
803 2942 891 3000 modis
914 2963 996 3021 posse
1014 2942 1068 2999 dici
1085 2944 1174 2999 incor-

116 3055 223 3116 poreos.
269 3035 336 3093 caeli
355 3047 449 3093 natura
468 3058 547 3113 quam
565 3036 617 3094 diis
637 3046 756 3115 cognata.

126 3184 130 3207 1
155 3128 158 3133 ’
187 3133 230 3191 le.
266 3128 513 3187 lllatbematicorum
532 3135 624 3210 opinio
644 3133 772 3198 relicitur,
791 3150 859 3207 quae
877 3124 1093 3187 statuit⁹deorum
1105 3130 1172 3186 alios

116 3245 178 3282 osse
194 3222 331 3282 beneficos
350 3223 418 3282 alios
436 3225 581 3283 maleficos.
626 3223 725 3282 malum
743 3228 829 3281 non'a
848 3223 930 3282 caelis
949 3225 999 3283 sed
1021 3247 1035 3281 a
1054 3228 1170 3282 materia.

116 3319 225 3376 Saturni
243 3330 270 3375 et
287 3318 382 3376 llartis
400 3322 480 3377 vires.

188 3418 229 3470 19.
266 3412 349 3488 Quod
366 3413 405 3470 dii
422 3416 451 3469 in
470 3413 551 3470 caelis
570 3416 709 3493 conspicui
728 3423 923 3470 connectuntur
942 3434 1001 3470 cum
1019 3412 1070 3469 diis
1085 3415 1172 3469 incor-

115 3509 215 3586 poreis.
264 3508 338 3585 quod
358 3511 522 3587 principium
545 3528 623 3565 suum
643 3507 743 3564 babent
765 3511 794 3564 in
816 3508 916 3564 mundo
939 3506 1115 3583 intelligibili,
1145 3518 1169 3563 et

114 3622 178 3659 suas
195 3601 270 3659 ideas
283 3601 474 3680 speculentur,
498 3625 513 3659 a
532 3603 629 3680 quibus
647 3601 746 3659 luerint
765 3605 942 3681 progenerati.
987 3602 1096 3660 vinculo
1114 3604 1169 3659 uni·

114 3697 179 3752 tatis
197 3705 310 3773 uterque
326 3697 441 3755 mundus
460 3696 608 3775 copulatur.
689 3725 693 3729 ¹

185 3793 228 3847 Ἢ).
265 3790 348 3864 Quod
366 3793 421 3848 sint
439 3791 479 3849 dii
496 3789 663 3857 invisibiles,
681 3788 819 3856 visibiles,
832 3798 860 3845 et
878 3787 1029 3847 daemones.
1074 3792 1170 3850 borum

114 3883 280 3940 differentiae
292 3906 307 3940 a
320 3889 509 3944 coniunctione
522 3888 692 3962 separatione
703 3881 879 3960 intelligentia
892 3881 988 3942 officiis
1000 3886 1169 3963 providentia

114 3981 233 4036 essentia
250 3982 375 4057 puritate.

184 4077 228 4130 al.
266 4070 396 4132 &ululat
418 4071 670 4150 quaetPorpbyrius
694 4071 852 4141 adduxerat,
867 4073 983 4132 scilicet
1006 4074 1088 4132 multa
1110 4074 1169 4131 fieri

114 4185 174 4243 erga
197 4166 264 4224 deos
286 4177 420 4245 tamquam
442 4166 568 4245 patibiles
591 4177 618 4224 et
640 4166 782 4224 affectibus
807 4168 949 4227 obnoxios.
993 4177 1093 4246 pugnat
1116 4166 1169 4225 boe
