2776 4876
199 348 254 404 λεί
1202 339 1256 405 θιί

203 525 285 572 στον
305 498 598 588 μεταλαμβάνουσι
620 495 680 565 τὸν
705 494 792 567 <briei
814 500 861 584 τῷ
883 498 1017 584 τεχνικῷ
1031 494 1137 582 μόνον
1151 518 1259 586 προσ-

202 614 406 702 βάλλοντες),
428 610 573 697 ἀγαθῶν
588 613 623 679 δὲ
637 607 804 693 ποιητικὸς
819 604 865 677 ais
883 606 1004 697 Ὄσιρις
1017 610 1179 689 κέκληται,
1201 610 1261 674 καὶ

201 721 306 803 άλλας
321 722 362 790 δι’
377 719 482 802 άλλας
496 720 649 808 δυνάμεις
663 747 698 790 τι
712 725 769 790 καὶ
782 724 945 809 ἐνεργείας
960 722 1146 806 ἐπωνυμίας
1161 722 1235 806 ἔχει.
1278 735 1294 786 3

284 833 376 903 ’Ἐστι
404 831 446 916 δὴ
475 827 534 903 οὖν
562 838 620 902 καὶ
651 831 735 916 άλλη
763 858 813 912 τις
846 831 1007 917 ἡγεμονία
1038 829 1118 919 παρ’
1143 828 1261 908 αὐτοῖς

200 949 267 1015 τῶν
288 950 363 1035 περί
386 953 511 1032 γένεσιν
534 944 622 1013 ὅλων
644 948 812 1033 στοιχείων
840 946 984 1010 καὶτῶν
1006 949 1042 1009 εν
1063 940 1180 1020 αὐτοῖς
1201 944 1261 1009 δν-

200 1055 340 1145 νάμεων,
364 1055 527 1144 τεττάρων
549 1062 609 1144 μὲν
638 1056 820 1147 άρσενικῶν
848 1051 1012 1141 τεττάρων
1034 1057 1070 1121 δὲ
1092 1056 1297 1135 θηλονων,6

202 1166 322 1251 ἡντινα
344 1169 568 1254 ἀπονέμουσιν
590 1168 688 1254 ἡλίῳ·
710 1171 767 1235 καὶ
789 1163 872 1247 άλλη
886 1167 945 1248 τῆς
961 1164 1091 1257 φάσεως
1105 1161 1185 1246 ὅλης
1200 1170 1261 1246 τῆς

201 1285 276 1369 περὶ
298 1287 425 1367 γένεσιν
447 1278 542 1370 ἀρχή,
564 1279 682 1362 ἡντινα
706 1277 823 1372 σελήνῃ
846 1275 987 1345 διδόασι.
1023 1273 1110 1345 κατά
1124 1281 1209 1365 μέρη
1225 1302 1261 1345 τε

202 1390 485 1478 διαλαμβάνοντες
506 1387 566 1459 τὸν
588 1388 734 1481 οὐρανὸν
756 1397 802 1469 είς
832 1386 891 1457 δύο
914 1393 1035 1477 μοίρας
1055 1385 1077 1470 ἡ
1099 1396 1261 1477 τέτταρας
1282 1405 1300 1456 9

201 1499 224 1583 ἡ
245 1501 370 1571 δώδεκα
392 1501 414 1585 ἡ
435 1504 470 1585 ἒξ
491 1507 547 1570 καὶ
568 1501 747 1590 τριάκοντα
767 1496 791 1584 ἡ
813 1503 990 1579 διπλασίας
1011 1498 1135 1569 τούτων
1157 1497 1180 1583 ἡ
1204 1496 1263 1568 άλ-

201 1619 265 1693 λως
288 1614 443 1683 ὁπωσοῦν
466 1609 570 1692 αὐτάς
596 1616 814 1702 διαιροῦντες,
843 1612 1021 1701 ἡγεμονίας
1048 1616 1105 1679 καὶ
1133 1610 1262 1680 τούτων

200 1722 422 1812 προτάττουσι
443 1727 599 1804 πλείονας
620 1721 642 1806 ἡ
664 1722 853 1803 ἐλάττονας,
874 1726 958 1792 πᾶσι
980 1725 1015 1790 δὲ
1037 1719 1140 1790 αὐτὸν
1161 1722 1262 1812 ὑπερ-
1282 1734 1318 1785 12

202 1840 320 1923 έχοντα
343 1833 452 1902 αὐτῶν
475 1841 533 1902 ἕνα
554 1837 766 1923 προτιθέασι.
812 1838 867 1901 καὶ
891 1833 994 1913 οὕτως
1016 1831 1153 1900 άνωθεν
1182 1833 1263 1922 άχρι

272 2083 299 2134 2.
326 2079 507 2150 neustrasii).
588 2081 613 2132 5.
642 2076 707 2140 ὅλως
725 2079 757 2133 Β.
837 2081 861 2132 6.
888 2075 1209 2152 τεττάρων-θηλειῶν]
1227 2082 1262 2133 ad

271 2171 380 2219 mentem
403 2164 491 2219 {tottii
521 2162 577 2233 (ig.
601 2165 696 2218 Ginub.
718 2167 777 2218 Not.
796 2167 857 2220 18⁶.
875 2186 901 2236 p.
919 2167 969 2218 166
998 2179 1022 2217 et
1043 2166 1102 2218 Not.
1133 2187 1158 2236 p.
1174 2168 1261 2221 2³42.

272 2248 409 2322 ρες.199)
432 2266 551 2322 quattuor
567 2272 648 2304 mares
664 2266 721 2304 sunt
739 2251 778 2307 hi:
802 2251 869 2316 Μαί,
893 2250 986 2314 Osiris,
1009 2251 1112 2305 Arueris
1131 2249 1263 2321 (Horas),

272 2339 446 2412 Typhon-Set
462 2335 729 2411 (Ombte·Typhon);
747 2352 865 2408 quattuor
875 2337 983 2390 feminae
998 2337 1056 2392 hae:
1076 2338 1190 2408 Taphue,
1208 2339 1263 2401 Isis,

271 2426 364 2490 Anatis,
382 2424 519 2498 Nephthys.
556 2425 588 2476 ad
605 2439 714 2478 mentem
726 2423 811 2495 Lepsii
829 2421 906 2493 (ther
917 2422 958 2476 die
970 2423 1059 2476 Gotter
1076 2425 1121 2478 der
1138 2424 1190 2478 vier
1201 2425 1262 2478 Ele·

270 2525 362 2564 rnente.
381 2510 458 2564 1856.
476 2531 502 2580 p.
513 2509 578 2577 188)
597 2525 715 2580 quattuor
732 2512 853 2565 eismenta
865 2510 906 2563 hic
917 2509 1068 2574 iudicantur,
1086 2531 1151 2580 quae
1162 2511 1263 2578 singula

270 2611 330 2650 teste
347 2597 440 2650 Seneca
459 2594 527 2665 (nat.
547 2611 640 2666 quaest.
660 2598 684 2662 ³,
704 2596 757 2665 14)
774 2599 801 2651 iu
819 2617 913 2650 mareau
936 2611 960 2650 et
977 2596 1095 2657 seminam
1114 2596 1204 2659 divisa,
1228 2599 1262 2649 ab

270 2684 398 2757 Aegyptiis
421 2684 452 2737 ad
475 2682 570 2737 radices
592 2700 629 2737 πει
651 2683 683 2737 λι
704 2683 740 2738 ka
762 2685 794 2740 sti
814 2685 962 2737 referuntur.
981 2677 995 2752 ΙΙ
1015 2679 1155 2755 άρρενιιιῶν
1178 2682 1260 2736 Aen.

272 2770 298 2822 Β.
325 2765 408 2841 άρχὴς
426 2770 459 2822 0.
480 2763 493 2837 ΙΙ
513 2767 665 2836 aureiluci
682 2770 719 2823 τὰ
737 2770 772 2833 C,
799 2774 844 2823 nui
866 2770 903 2824 sai
924 2773 971 2840 μίν
994 2770 1067 2822 κατά
1090 2770 1152 2836 Reg.
1171 2771 1261 2822 Fesch.

271 2855 367 2906 9-10.
398 2852 634 2916 δύο-διπλασίας
651 2852 771 2924 τούτων]
790 2857 842 2909 duo
859 2854 1049 2926 hemisphaeria,
1067 2870 1185 2926 quattuor
1197 2856 1261 2909 caeli

271 2952 361 3009 partes,
379 2938 512 2991 duodecim
531 2938 627 2992 zodiaci
645 2939 726 3007 sigua,
747 2941 846 3009 triginta
864 2962 904 2994 ser
923 2944 1042 3003 decanos,
1065 2955 1089 2993 et
1106 2943 1261 3012 septuaginta

272 3025 324 3078 duo
346 3024 452 3095 quinum
476 3025 597 3091 graduum
620 3026 741 3080 sectiones
762 3028 804 3080 hic
825 3027 930 3081 iudicari
949 3041 1035 3080 monet
1063 3027 1140 3081 noth.
1158 3033 1194 3095 aig.
1216 3028 1259 3080 Gi.

271 3113 331 3164 Not
349 3113 403 3164 252
421 3132 477 3183 pag.
487 3114 550 3166 216.
657 3115 771 3168 10-11.
798 3111 818 3182 ἡ
836 3110 1011 3175 άλλως-καί
1028 3112 1131 3168 τούτων
1152 3135 1205 3167 orn.
1224 3114 1259 3167 Ο.

274 3199 316 3251 12.
344 3196 429 3266 πᾶσι]
450 3198 528 3254 πάλιν
549 3202 579 3251 Α.

200 3448 261 3485 eum
278 3425 364 3485 Phtha
384 3429 496 3501 (Graeci
515 3450 578 3488 vero
597 3429 670 3487 hunc
687 3428 775 3487 Phtha
793 3432 931 3486 nominant
947 3427 1106 3496 Vulcanum,
1127 3437 1211 3484 artem
1229 3431 1259 3484 iu

199 3535 231 3571 eo
243 3515 329 3572 solam
342 3516 566 3585 considerantes),
586 3527 717 3593 quatenrn
736 3527 824 3573 autem
841 3516 979 3573 beneficus
992 3526 1035 3572 est
1046 3515 1145 3573 dicitur
1157 3513 1259 3583 Osiris,

200 3600 319 3677 aliasque
337 3603 568 3660 denominationes
586 3613 699 3681 propter
717 3601 782 3660 alias
800 3612 949 3680 potestates
966 3601 1055 3658 habet.

270 3685 322 3742 Est
340 3697 367 3743 et
384 3688 452 3746 alius
470 3691 638 3768 principatus
657 3689 727 3767 apud
750 3687 813 3744 illos
836 3709 918 3766 super
940 3687 1072 3745 elementa
1089 3697 1147 3743 tota
1169 3688 1200 3742 in
1217 3706 1261 3763 ge-

140 3783 141 3787 ’
199 3773 337 3828 sunnone
354 3778 442 3851 posita
460 3778 629 3852 virtutesque
647 3796 748 3844 eorum,
766 3794 828 3831 nam
846 3784 972 3850 quattuor
989 3773 1123 3831 masculae
1134 3772 1260 3829 totidem·

199 3878 252 3934 que
269 3857 409 3915 femininae
421 3872 498 3928 sout;
516 3861 587 3919 hune
599 3860 651 3918 soli
663 3861 792 3917 tribuunt.
841 3862 906 3916 item
917 3859 986 3918 alius
997 3863 1164 3939 principatus
1177 3879 1261 3937 snper

199 3955 321 4002 naturam
344 3962 448 4001 omnem
470 3949 498 4003 in
521 3951 692 4023 generatione
715 3956 878 4014 versantem,
907 3966 986 4022 quem
1008 3945 1087 4004 lonae
1114 3948 1260 4022 assignant

200 4030 351 4088 dividentes
374 4050 438 4086 vero
462 4031 564 4088 caelum
582 4037 611 4089 in
633 4044 724 4111 partes
747 4033 812 4090 duas
834 4033 879 4090 rel
903 4042 1028 4109 quattuor
1050 4032 1094 4090 vel
1115 4031 1261 4088 duodecim

136 4111 138 4115 ¹
199 4115 243 4171 vel
260 4138 309 4175 sex
327 4126 408 4194 atque
425 4118 535 4193 triginta
552 4117 596 4174 vel
613 4119 708 4176 harum
732 4119 829 4198 duplas
848 4118 892 4176 vel
911 4118 989 4176 aliter
1004 4118 1261 4196 quomodocunque,

201 4198 283 4258 duces
300 4203 344 4260 his
362 4205 522 4282 praeficiunt
540 4213 585 4260 ant
601 4202 695 4281 plnres
713 4215 758 4263 aut
775 4207 929 4283 pauciores:
948 4205 1065 4282 denique
1075 4205 1119 4263 his
1131 4205 1261 4262 omnibus
