2776 4876
160 350 196 406 22
1162 351 1213 415 1,ῗ

161 512 228 575 τῶν
249 504 367 588 ὄντων,
396 514 492 594 τέχνη
515 532 549 575 τε
572 503 787 596 δημιουργικίγ
814 509 875 574 τοῦ
902 502 1029 584 παντὸς
1055 514 1126 583 τοῖς
1153 509 1215 590 μὲν

161 624 259 698 θεοῖς
279 618 433 698 ὡσαύτως
454 619 506 688 ἀεὶ
532 616 671 710 πάρεστι
697 622 813 697 τελέως
839 622 896 685 ναὶ
923 616 1097 696 άνενδεῶς,
1127 613 1215 684 κατὰ

161 734 243 819 μίαν
270 737 435 819 ἐνέργειαν
461 735 610 799 ἑστῶσαν
631 735 667 796 εν
687 734 787 823 ἑαυτῇ
814 733 990 818 καθαρῶς,
1016 727 1039 809 ἡ
1062 731 1098 794 δὲ
1121 727 1248 821 ψιχὴε

159 847 221 911 νοῦ
241 867 276 909 τε
297 848 421 930 μετέχει
441 847 597 932 μεριστοῦ
617 847 675 909 καὶ
695 845 895 922 πολυειδοῦς,
916 847 962 920 είς
983 839 1045 922 τὴν
1057 844 1119 910 τοῦ
1133 837 1215 909 ὅλου

160 978 196 1022 τε
216 959 425 1040 προστασίαν
452 954 758 1039 ἀναποβλέποντος,
785 957 842 1021 καί
868 948 954 1034 αύτὴ
980 957 1047 1020 τῶν
1074 949 1215 1040 άυύχιεν

160 1070 359 1154 ἐπιμελεῖται
380 1061 498 1133 άλλοεε
520 1073 556 1132 έν
576 1060 692 1144 ἄλλοις
713 1066 830 1134 είδεσιν
851 1069 1074 1150 ἐγγιγνομένη.
1231 1084 1250 1136 o

247 1174 327 1246 Ἀπὸ
349 1173 391 1260 δὴ
413 1179 480 1245 τῶν
501 1175 610 1247 αύτῶν
633 1181 747 1243 αίτίεον
768 1189 839 1254 τοῖς
859 1180 920 1262 μὲν
933 1178 1116 1262 κρείττοσιν
1130 1172 1214 1256 αύτὴ

160 1291 188 1372 ἡ·
204 1288 297 1370 τάξις
318 1287 400 1358 αὐτὸ
422 1285 462 1356 εδ
483 1287 604 1366 κάλλος
626 1286 831 1377 συνυπάρχει,
852 1284 875 1369 ἢ
897 1295 926 1354 ελ
947 1283 1050 1364 ούτως
1070 1289 1121 1365 τὶς
1133 1284 1215 1374 βοά·

161 1406 251 1469 λοιτο
272 1401 513 1481 ὑποτίθεσθαι,
535 1399 556 1482 ἡ
578 1405 670 1468 αὶτία
694 1398 818 1467 τούτων
840 1403 1090 1490 σονυφέστηκεν,
1116 1399 1249 1490 opidis

160 1515 250 1605 ψυχῇ
277 1517 395 1600 νοερᾶς
422 1510 545 1594 τάξεως
577 1517 633 1579 καὶ
661 1514 762 1580 θείου
788 1509 929 1590 κάλλους
956 1506 1216 1596 μεταλαγχάνειν

162 1622 215 1690 ἀεὶ
238 1623 384 1691 σύνεστι·
406 1628 462 1691 καὶ
483 1636 554 1702 τοῖς
574 1627 636 1711 μέν
657 1620 696 1692 εδ
710 1630 832 1711 μέτρον
846 1625 913 1689 τῶν
927 1619 1015 1689 ὅλων
1028 1618 1051 1703 ἢ
1065 1617 1104 1688 τὸ
1118 1623 1215 1689 τούδε

162 1733 269 1801 αἴτιον
290 1731 477 1822 σύνδρομον
497 1732 635 1824 πάρεστι
656 1733 712 1802 διὰ
733 1731 866 1817 παντός,
887 1733 909 1817 ἡ
932 1737 966 1802 δέ
988 1737 1035 1820 τῷ
1056 1737 1144 1819 θείῳ
1156 1737 1214 1800 πέ-
1232 1747 1266 1798 12

161 1868 238 1930 ραει
259 1844 461 1937 ἀφορίζεται,
489 1851 546 1913 καὶ
566 1843 687 1914 τούτου
706 1851 831 1935 μετέχει
857 1848 1045 1934 μεριστάς·
1067 1848 1123 1912 καί
1144 1853 1216 1924 τοῖς

160 1961 221 2043 μέν
243 1957 390 2045 ἐξαρκεῖν
412 1957 465 2049 ἐφ’
486 1955 549 2025 ὅλα
571 1955 614 2023 τά
637 1953 719 2026 ὄντα
740 1963 779 2052 τῇ
800 1961 861 2040 τῆς
883 1963 993 2036 αλτίας
1006 1955 1145 2044 δυνάμει
1158 1961 1215 2024 καὶ

160 2072 199 2160 τῇ
221 2072 410 2156 ἐπικρατείᾳ
432 2067 573 2154 εὐλόγως
595 2065 638 2137 άν
660 2068 804 2151 άποδοίη
826 2094 884 2150 τις,
906 2067 1265 2156 totmanno-1⁵

161 2204 248 2268 ρατα
271 2182 482 2266 διειλημμένα
503 2184 614 2268 μέχρις
636 2178 725 2250 ὅσιον
746 2180 898 2270 ἐπάρχειν
920 2178 1065 2248 δύναται.

254 2287 420 2358 Τοιούτων
445 2286 486 2372 δὴ
503 2289 609 2359 ὄντων
623 2295 689 2360 τῶν
703 2291 875 2384 διαφόρων
890 2292 1075 2377 ίδιαμάτιον
1095 2300 1132 2359 έν
1145 2303 1215 2370 τοῖς

231 2495 257 2548 1.
281 2514 310 2547 τε
329 2513 380 2546 om.
399 2494 432 2547 Ο.
505 2497 530 2546 2.
558 2498 649 2554 τελέως
660 2499 705 2547 καὶ
716 2491 852 2562 δυενδίιις]
870 2498 962 2555 τελέως
980 2496 1024 2547 καὶ
1042 2490 1094 2548 αὖε
1112 2486 1166 2562 (αδ
1184 2495 1214 2556 C,

231 2576 268 2633 άν
280 2575 426 2645 D)
440 2584 485 2634 καὶ
497 2576 621 2640 εἷνενδίιις
640 2580 744 2634 ABCD.
817 2583 842 2633 6.
865 2585 1012 2650 ἐγγινομένη
1031 2581 1088 2634 nl).
1114 2620 1116 2625 >
1146 2582 1174 2633 8.
1196 2579 1215 2650 ἢ

230 2685 282 2719 om.
302 2667 332 2719 Α.
353 2660 366 2735 ΙΙ
388 2664 458 2720 οὗτοι
476 2666 529 2720 AC.
593 2670 635 2720 112
662 2663 760 2720 άιελΙ).
782 2711 783 2714 ,
831 2668 874 2719 14.
901 2664 1026 2738 ίξαρκεῖν]
1043 2665 1125 2730 sici),
1142 2669 1215 2739 ἐξαρ-

228 2757 274 2818 χεΐ
288 2753 320 2815 Δ,
347 2756 449 2824 ἐξαρκεῖ
464 2753 493 2815 C,
519 2756 634 2826 ίξαρχεῖν
652 2754 687 2806 0.
778 2755 819 2806 16.
847 2750 981 2822 επαρχεῒν]
1000 2752 1077 2817 sicii,
1092 2753 1215 2823 ίπάρχειν

233 2839 270 2889 vei
290 2837 404 2908 ε’πάρχην
422 2839 452 2903 C,
470 2836 570 2910 ίπάρχη
588 2840 621 2901 D,
640 2839 743 2911 ίπάρχῃ
763 2840 796 2892 0.

162 3010 217 3070 dux
234 3021 262 3068 ct
279 3033 337 3082 rex,
354 3016 473 3070 universi
491 3018 560 3071 ratio
579 3016 677 3094 opifex,
700 3017 753 3074 diis
772 3017 879 3094 quidem
898 3016 975 3072 adest
997 3033 1104 3092 sempor
1121 3013 1216 3071 codam

161 3099 252 3168 modo,
270 3098 390 3179 periectas
407 3110 435 3155 ct
452 3103 511 3158 sinc
528 3102 686 3180 indigentia,
709 3104 856 3160 secuudum
879 3119 959 3160 unam
983 3102 1165 3180 operationum
1187 3102 1217 3157 in

161 3206 191 3243 sc
208 3189 267 3266 ipsa
285 3205 352 3267 ροσε
370 3197 549 3245 constantem:
572 3193 659 3246 anima
683 3200 769 3246 autom
791 3193 890 3248 mantis
911 3191 1047 3269 particeps
1070 3197 1112 3244 ost
1133 3190 1217 3266 pani·

159 3273 223 3332 bilis
246 3273 470 3351 multiformisque
491 3285 519 3331 et
540 3269 574 3332 ad
602 3276 820 3352 gubernationem
846 3278 966 3334 uni'vcrsi
993 3273 1216 3344 accommodatae,

160 3363 219 3440 ipsa
236 3363 317 3417 ctiam
334 3363 475 3418 inanimata
494 3372 577 3431 curat,
596 3361 661 3418 alius
679 3362 738 3419 aliis
756 3363 849 3440 figuris
868 3363 969 3420 affecto.

151 3516 154 3526 ,
230 3448 273 3505 Ab
297 3449 359 3504 istis
382 3451 470 3506 causis
493 3450 675 3529 superioribus
698 3449 775 3506 adest
797 3449 849 3506 diis
872 3448 940 3504 ordo
963 3468 1083 3505 summus
1103 3456 1132 3503 ct
1154 3449 1215 3526 ipsa

160 3531 341 3611 pulchritudo,
360 3546 405 3591 ant
423 3538 447 3592 si
465 3539 526 3613 quis
546 3540 585 3592 sic
602 3533 677 3591 malit
694 3537 855 3604 existimare,
872 3535 969 3593 horum
986 3556 1066 3592 causo
1082 3544 1216 3590 utrorum·

161 3638 226 3695 quc;
250 3622 352 3677 animae
368 3642 433 3678 vcro
451 3623 560 3699 obtigit,
583 3619 686 3677 ordinis
708 3621 896 3679 intellectualis
918 3622 1076 3698 divinaeque
1098 3620 1216 3700 pulchri·

160 3704 262 3762 tudinis
273 3727 334 3763 csse
344 3710 508 3787 participem.
540 3718 569 3764 ct
585 3707 640 3765 diis
657 3711 797 3786 proprium
815 3729 921 3788 semper
937 3719 981 3766 cst
992 3711 1215 3785 coniunctumque

160 3793 280 3848 universi
297 3813 420 3850 mensura
438 3795 487 3851 vcl¹
499 3798 557 3852 cius
576 3814 668 3862 ατηενς
687 3798 773 3851 anima
791 3795 884 3852 divino
901 3796 956 3852 fine
970 3795 1072 3853 excidit
1084 3794 1171 3871 dequo
1181 3814 1214 3851 εο

162 3877 328 3956 aliquatenus
339 3883 489 3960 participat.
529 3882 582 3939 diis
595 3902 650 3939 non
668 3884 800 3939 immerito
817 3882 920 3940 tribuas
932 3882 967 3939 ad
983 3884 1070 3938 omnia
1083 3881 1216 3939 sufficion-

150 3966 226 4041 ·tiam
243 3974 356 4043 proptcr
374 3965 534 4024 causalitntis
552 3989 615 4025 snae
632 3969 688 4025 vim
706 3979 734 4026 ct
750 3972 909 4048 potentiam:
934 3971 1022 4025 anima
1039 3967 1121 4024 habet
1136 3988 1216 4045 qnos·

162 4052 223 4108 dam
243 4049 343 4108 limites
365 4055 559 4130 praescriptos,
585 4055 619 4111 ad
642 4075 723 4132 quos,
750 4076 805 4113 non
828 4055 912 4123 ultra,
935 4057 993 4112 cina
1016 4055 1084 4112 ditio
1106 4055 1216 4113 extendi

180 4140 259 4197 osoit.
574 4162 577 4176 =
938 4172 940 4177 >

161 4158 179 4216 P
232 4223 303 4283 flacc
322 4227 403 4302 igitur
421 4245 481 4282 cum
503 4227 558 4283 sint
573 4235 758 4284 'extrcmcmm
782 4228 921 4296 idiomata,
945 4231 1034 4307 possit
1055 4231 1116 4305 quis
1134 4226 1216 4286 focile
