2776 4876
210 353 245 408 76
1203 353 1257 416 Μ

210 509 347 595 ρῆσθαι,
370 512 422 575 tul
444 506 472 575 δ’
489 499 533 576 αὖ
547 513 611 575 τῶν
628 505 794 594 δαιμόνων
809 511 1004 599 διῃρημένον
1019 531 1052 573 τε
1067 511 1115 573 lte
1127 509 1258 590 μᾶλλον

210 623 266 686 καὶ
287 619 345 684 οάκ
359 617 433 686 ίσον
447 619 622 689 deluderis
637 623 813 705 θεωρεῖται
827 615 865 687 τό
879 621 1034 704 μέγεθος.
1071 615 1111 686 τὸ
1126 617 1155 687 δ’
1172 618 1258 704 ἡρω-

210 725 283 796 ικόν
297 728 415 799 τούτου
430 727 634 821 φαινόμενον
647 733 792 810 έλαττον,
814 727 1110 821 μεγαλοφροσύνην
1124 732 1184 810 τῆς
1198 753 1257 795 νωι-
1274 746 1291 797 3

208 838 397 920 ταστάσεως
418 845 571 932 ἐμφαίνει
591 844 737 909 πλείονα.
775 845 839 908 τῶν
863 845 897 908 δὲ
919 837 1088 930 ἀρχόντων
1110 837 1176 908 ὅσα
1197 843 1257 926 μὲν

208 951 277 1032 ε’ίδη
298 950 493 1039 περινόσμια
514 964 714 1038 προηγεῖται,
734 948 863 1038 μεγάλα
885 956 942 1019 καὶ
962 950 1126 1037 ὑπέρογκα
1140 954 1258 1044 φαίνε·

208 1086 274 1145 ται,
296 1059 338 1129 τά
360 1066 395 1130 di
416 1067 490 1150 περὶ
513 1062 574 1143 την
595 1060 676 1143 ὕλην
690 1059 885 1148 μεριζόμενα
900 1063 994 1154 τάφῳ
1008 1067 1064 1130 καὶ
1080 1062 1293 1148 ἀλαζονείαν

208 1175 333 1239 πλείονι
351 1177 481 1261 χρῆται.
526 1169 569 1240 τά
591 1176 626 1240 δὲ
647 1175 712 1238 τῶν
734 1177 849 1263 ψυχῶν
879 1172 938 1242 οὐκ
963 1173 1020 1240 tua
1049 1178 1108 1259 μέν
1137 1175 1257 1262 ὁρᾶται

207 1281 332 1361 πάντα,
366 1281 563 1371 σμικρότερα
598 1287 632 1350 δὲ
661 1279 682 1364 ἢ
713 1279 755 1349 ad
789 1287 854 1351 τῶν
886 1281 1002 1372 ἡρώων
1036 1288 1255 1380 διαφαίνεται

209 1391 292 1472 ὅλως
314 1397 348 1462 δὲ
377 1392 464 1461 κατά
493 1391 535 1461 τά
562 1397 691 1481 μεγέθη
721 1398 787 1461 τῶν
815 1402 849 1462 έν
877 1395 1027 1474 ἑκάστοις
1053 1406 1124 1475 τοῖς
1150 1402 1293 1482 γένεσιν

208 1503 377 1591 δυνάμεων
398 1510 455 1573 καί
475 1503 561 1573 auaui
582 1502 621 1573 τό
643 1510 778 1588 πλῆθος
800 1510 859 1588 τῆς
879 1507 984 1594 ἀρχῆς
1010 1507 1053 1574 δι’
1077 1500 1116 1590 ἧς
1136 1510 1256 1575 διατεί-

208 1640 302 1683 νουσι
321 1620 377 1683 καὶ
391 1608 411 1710 ᾗ
425 1615 713 1699 ἐνεξουσιάζονσιν,
734 1613 801 1686 ἀνά
822 1614 881 1686 τόν
904 1616 1006 1686 αὐτόν
1027 1617 1129 1705 λόγον
1143 1623 1201 1686 καὶ
1213 1615 1257 1685 τά

208 1731 336 1812 μεγέθη
359 1733 423 1797 τῶν
446 1733 643 1817 ἐπιφανειῶν
666 1734 790 1808 οἰκείως
811 1737 848 1797 έν
869 1729 1019 1808 ἑκάστοις
1040 1727 1188 1817 πάρεστι.
1276 1741 1310 1794 12

297 1835 394 1906 Μετά
423 1836 464 1921 δὴ
497 1838 621 1907 τούτων
655 1836 693 1906 τό
727 1845 791 1908 τῶν
826 1839 1026 1932 αότοφανῶν
1056 1839 1257 1928 ἀγαλμάτων

208 1947 464 2044 ἀφορισάμεθα.
504 1949 622 2018 οὐκοῦν
643 1959 679 2019 έν
700 1956 760 2039 μέν
782 1964 856 2032 ταῖς
877 1956 943 2021 τῶν
963 1956 1055 2020 θεῶν
1078 1953 1257 2040 αὐτοψίαις

207 2069 423 2151 ἐναργέστερα
445 2065 501 2128 καί
522 2061 624 2144 αὐτῆς
639 2066 698 2144 τῆς
712 2062 878 2144 ἀληθείας
893 2062 1011 2150 ὁρᾶται
1029 2062 1071 2130 τά
1087 2061 1256 2150 θεάματα,
1276 2084 1309 2134 15

279 2287 302 2336 1.
331 2275 500 2351 adroaldo
520 2279 705 2347 Α,αάτο”ινο.
728 2280 740 2353 ΙΙ
761 2287 917 2356 διῃρημένων
937 2290 968 2338 t.
1039 2289 1065 2339 3.
1088 2290 1256 2358 μεγαλοφρο-

278 2366 368 2437 σύνην]
387 2370 422 2422 sic
440 2370 520 2432 Act),
538 2367 769 2442 μεγαλοφροσύνης
788 2370 821 2423 0·
911 2373 936 2422 6.
963 2368 1115 2440 ἀλαζονείᾳ]
1133 2388 1258 2424 transeunt

277 2457 350 2507 codd.
368 2453 440 2509 BCD
460 2457 546 2508 Fesch.
564 2457 595 2507 ad
615 2456 639 2517 3,
658 2459 683 2509 9.
756 2458 779 2509 7.
808 2459 909 2510 πλείοσι
926 2453 958 2508 Β.
1023 2459 1049 2510 8.
1077 2456 1257 2528 διαφαίνεται]

277 2543 312 2593 sic
332 2543 385 2603 AC,
407 2545 595 2614 διαφαίνονται
613 2542 646 2595 0.
754 2543 778 2594 9.
805 2545 833 2595 δὲ
850 2541 933 2608 κατὰ]
952 2544 986 2595 aie
1006 2547 1036 2606 Α,
1054 2546 1081 2596 ἀὲ
1099 2541 1118 2611 ἤ
1135 2545 1204 2597 κατὰ
1223 2544 1256 2596 0.

195 2623 197 2626 ⁵
279 2631 319 2680 11.
346 2627 579 2694 ἐνεξουσιάζοοσνι]
599 2628 633 2679 aie
652 2631 683 2691 A,
706 2627 902 2691 ἐξονσιάζουσιν
921 2629 949 2690 C,
968 2626 1204 2693 ἀναξουσιάζουσιν
1223 2631 1258 2693 Ι),

277 2710 506 2778 ἀνεξονσίαζουσιν
524 2715 558 2767 0.
684 2715 724 2767 13.
752 2714 852 2768 τοότων
871 2713 919 2779 τὸ]
943 2715 977 2766 sic
996 2719 1028 2779 A,
1056 2715 1156 2768 τούτων
1175 2714 1256 2780 BCD,

277 2799 364 2852 ταῦτα
383 2801 415 2853 Ο.
437 2795 449 2868 ΙΙ
471 2797 626 2870 αὖτοφανῶς
644 2799 674 2852 B.
695 2795 708 2868 ss
728 2817 784 2870 post
802 2798 964 2870 ἀγαλμάτων
982 2803 1007 2853 0
1031 2801 1099 2854 addit
1116 2800 1211 2869 λόγους
1228 2824 1257 2854 ex

277 2885 415 2937 coniectura
434 2902 460 2937 ut
472 2887 566 2938 videtur
579 2887 659 2949 Galei,
677 2887 721 2955 qui
739 2889 798 2938 haec
810 2889 884 2939 habat
896 2888 922 2938 in
941 2887 1019 2942 notia:
1039 2888 1119 2941 Μετά
1131 2891 1157 2940 tt
1170 2886 1257 2940 ταῦτα

278 2973 328 3023 τῶν
347 2968 516 3042 atropatus:
535 2976 617 3024 deesse
635 2972 674 3023 hic
687 2994 788 3043 quoque
800 2975 920 3036 videntur,
939 2995 1003 3043 quae
1020 2974 1095 3026 taline
1106 2989 1195 3026 sonant
1212 2992 1257 3027 ra-

277 3061 361 3111 tiones
379 3061 416 3112 ud
431 3061 542 3112 νανείαα
557 3059 728 3127 pertinenter.

207 3265 332 3322 itenditur
350 3263 510 3340 magnitudo.
555 3261 650 3320 heroes
668 3265 754 3323 adhuc
772 3269 858 3323 miuus
876 3264 995 3321 illustres
1014 3285 1092 3341 quam
1104 3264 1256 3334 daemones,

208 3364 235 3408 et
253 3355 381 3409 maiorem
399 3370 478 3427 quam
496 3369 587 3406 eorum
605 3350 656 3407 lert
674 3352 793 3410 conditio
812 3362 947 3408 ostentant
965 3354 1136 3408 maiestatem.
1184 3351 1257 3426 priu-

208 3441 297 3517 eipum
315 3441 361 3515 qui
379 3436 519 3493 mundanis
538 3438 678 3514 speciebus
696 3438 898 3516 praeficiuntur,
922 3437 1000 3494 valde
1023 3457 1114 3513 magna
1137 3445 1164 3490 et
1182 3455 1258 3512 prae-

207 3525 307 3580 tumida
326 3525 431 3582 videtur
448 3522 541 3591 moles,
560 3543 627 3599 quae
646 3544 709 3580 vero
727 3526 798 3581 circa
816 3526 953 3581 materiam
971 3523 1163 3588 distrahuntur,
1182 3542 1258 3598 prae·

207 3610 319 3666 tendunt
337 3611 477 3667 simulacra
495 3629 548 3665 nou
567 3610 625 3664 aine
642 3610 711 3666 fastu
734 3621 761 3667 ot
778 3611 891 3690 plurima
910 3613 1066 3686 arrogantia.
1111 3611 1258 3665 animarum

207 3716 270 3751 vero
289 3695 389 3772 effigies
407 3694 557 3771 inaequales
576 3705 603 3749 et
627 3699 743 3753 minores
763 3708 891 3775 apparent
913 3716 992 3773 quam
1015 3696 1126 3753 heroum
1149 3694 1257 3752 formae

208 3802 310 3839 summa
328 3792 381 3850 est,
404 3781 598 3857 magnitudines
617 3783 817 3861 epiphaniarum
835 3784 902 3840 tales
924 3782 1037 3860 siugulis
1060 3793 1116 3839 rata
1132 3784 1258 3860 portione

208 3871 373 3944 contingunt,
396 3867 487 3944 quales
505 3877 567 3924 sunt
587 3871 685 3933 virium
707 3873 735 3926 in
757 3890 916 3947 unoquoque
937 3890 1033 3946 genere
1054 3869 1258 3946 magnitudines,

207 3966 235 4012 et
252 3955 357 4031 imperii
375 3953 522 4032 amplitudo
540 3957 568 4010 iu
587 3976 640 4032 quo
659 3957 806 4015 detundant
823 3977 852 4013 se
870 3967 897 4012 et
914 3957 1090 4013 dominantur.

277 4041 345 4097 Post
366 4041 431 4099 haee
457 4043 614 4099 definiamus
641 4048 781 4122 imaginum
803 4064 851 4122 per
874 4065 903 4099 se
926 4045 1108 4121 apparentium
1132 4045 1257 4098 rationes.

207 4132 235 4185 in
253 4129 364 4185 deorum
382 4129 593 4207 apparitionibus
612 4130 826 4187 manifestissima
849 4140 876 4184 et
900 4132 1032 4208 ipsissima
1055 4131 1176 4186 veritatis
1198 4150 1259 4206 spe·

208 4215 309 4273 etaeula
333 4225 490 4286 cernuntur,
518 4213 618 4291 fulgent
640 4217 674 4273 ad
697 4238 839 4285 summum,
867 4227 893 4272 et
915 4216 1058 4295 splendore
1082 4213 1258 4273 deartiuulato
