2776 4876
142 313 177 424 1‚'
177 361 193 412 ι
1160 367 1196 422 ιο

137 521 292 602 μέτοχον,
320 521 496 584 κοινωνίαν
523 541 557 584 τι
586 521 661 604 ἕχον
689 514 773 607 πρὸς
793 515 857 586 ὅλα
886 517 928 586 τὰ
957 516 1041 589 ὄντα
1067 519 1193 590 καὶτὰ

137 625 331 714 γιγνόμενα,
354 625 509 714 σόμμιξίν
530 655 564 696 τι
587 625 654 697 ἀπό
676 627 811 697 πόντων
832 629 1114 718 παραλαμβάνον,
1136 639 1193 702 καὶ

102 757 118 808 3
138 736 318 828 σόχαιρασιν
340 738 402 831 ἀφ’
421 745 542 808 ἑαυτοῦ
562 744 615 809 ἐπὶ
636 738 747 809 πάντα
760 739 994 832 παρεχόμενον,
1016 747 1193 813 καὶταῦτα

137 850 181 918 δι’
200 849 289 919 ὅλων
309 857 374 920 τῶν
396 860 434 919 ὲν
453 855 560 937 ἑαυτῷ
582 849 754 939 δυνόμοιόν
775 878 809 921 τι
823 857 880 921 καί
897 853 1018 924 οὐσιῶν
1031 859 1088 925 καὶ
1104 863 1192 946 ίνιρ-

135 968 232 1050 χιιῶν
253 967 418 1032 διατεῖνον
440 964 483 1031 τοὶ
504 959 675 1050 λδιιόματα,
696 968 794 1033 τοῦτο
818 963 860 1046 δη
875 969 944 1033 πᾶν
958 970 1105 1058 ἔμφυτον
1119 979 1192 1046 ταῖς

101 1085 260 1165 ηιμυχαίς
281 1075 457 1163 ἀποδῶμεν
478 1075 598 1157 ἀληθῆ
619 1077 778 1160 λέγοντες.

230 1192 273 1255 Τί
294 1179 354 1256 οὖν
375 1185 417 1269 δὴ
445 1191 520 1277 περὶ
547 1189 614 1254 τῶν
639 1191 750 1272 μέσων
777 1191 933 1276 ίρσῦμενς
965 1189 1112 1277 ἡγοῦμαι
1131 1195 1228 1277 μὲν6

135 1296 223 1368 αὐτοὶ
245 1298 331 1367 εἶναι
351 1294 525 1379 κατάδηλα
545 1300 649 1366 πᾶσιν
664 1295 732 1365 ἀπό
747 1303 813 1366 τῶν
828 1307 1086 1389 πρσιιρημίναν·
1109 1325 1191 1390 συμ-

100 1438 116 1489 9
129 1415 256 1499 πληροῖ
276 1407 341 1499 γὰρ
363 1414 421 1478 καὶ
441 1412 547 1477 ταῦτα
563 1412 628 1476 τῶν
642 1405 754 1499 όκριον
767 1408 829 1492 τὴν
844 1410 1066 1500 ἀλληλουχίαν
1081 1413 1190 1483 ἀδιαί-

133 1545 246 1610 ριτσν·
280 1521 320 1591 οὐ
340 1518 408 1608 μὴν
429 1516 517 1590 ἄλλα
540 1524 590 1588 δεῖ
610 1526 666 1590 καί
688 1521 880 1604 mettioeo
900 1525 948 1609 coi
962 1520 1059 1610 λόγῳ.
1094 1529 1189 1595 τίδι-

133 1661 197 1720 μαι
217 1632 259 1717 δὴ
282 1626 403 1703 οὖντὸ
425 1637 486 1721 μὲν
507 1630 682 1719 δαιμόνων
704 1637 812 1725 φῦλον
834 1642 869 1701 ἐν
890 1636 938 1720 τῷ
959 1639 1008 1703 iai
1036 1636 1189 1718 πληθυό-

81 1768 115 1820 12
134 1770 236 1833 μινσν
263 1751 320 1815 καὶ
348 1742 611 1834 συμμιγνύμενον
640 1744 781 1832 όμιχῶς,
808 1750 865 1815 καὶ
885 1742 992 1814 τᾶλλα
1014 1744 1125 1816 πάντα
1147 1748 1190 1815 τοὶ

133 1861 372 1947 καταδεέστερα
392 1855 480 1924 κατὰ
499 1851 561 1940 τὴν
582 1862 643 1926 τοῦ
662 1860 833 1945 βελτίονος
847 1862 938 1926 totae
957 1857 1189 1951 προσειληφός,

132 1967 174 2039 τὸ
194 1970 224 2039 δ
243 1962 289 2039 αὖ
312 1974 379 2039 τῶν
406 1967 522 2057 ἡρώων
548 1967 824 2059 προστησόμενον
852 1974 912 2057 μὲν
939 1969 1189 2062 προχειρότερον

80 2106 114 2158 15
132 2078 195 2164 τὴν
214 2086 377 2171 διαίρεσιν
398 2085 480 2168 λίγα
502 2083 559 2147 καὶ
581 2076 621 2147 τὸ
642 2083 794 2163 πλῆθος,
822 2079 884 2165 τήν
913 2107 947 2149 το
975 2086 1104 2164 κίνησιν
1132 2086 1189 2151 καί

130 2191 193 2276 τὴν
215 2191 370 2281 σύμμιξιν
390 2197 447 2260 καὶ
468 2188 510 2258 τὰ
533 2195 674 2277 συγγενῆ
687 2190 824 2272 τούτοις,
845 2189 983 2262 ἄνωθεν
1004 2193 1033 2260 δ’
1049 2202 1188 2278 λφιστη·

130 2305 214 2372 κότα
236 2310 293 2373 καὶ
315 2303 388 2374 οἷον
411 2301 687 2392 ἀποκρυπτόμενα
701 2311 747 2383 τίς
761 2300 800 2372 τό
815 2308 878 2371 tow
893 2302 935 2371 τοὶ
949 2307 1107 2390 βελτίονα
1122 2331 1187 2374 πα-

79 2436 112 2489 18
129 2414 367 2506 ραδεχόμενον,
397 2419 512 2484 ἕνωσίν
534 2440 621 2504 φημι
642 2418 698 2481 καὶ
719 2413 943 2505 καθαρότητα
964 2420 1021 2486 καὶ
1041 2411 1104 2500 τὴν
1124 2416 1187 2504 μό·

202 2597 227 2648 2.
245 2593 395 2666 χιγνόμινα]
403 2594 439 2647 sic
448 2578 616 2663 Α,”χινόμενα
625 2593 658 2647 Ο.
670 2587 683 2662 ΙΙ
695 2593 950 2666 παραλαμβάνοντες
958 2595 990 2647 Β.
1036 2596 1062 2650 8.
1075 2598 1100 2649 9.
1119 2614 1186 2666 συμ-

201 2680 306 2754 πληροῖ]
325 2682 361 2735 aie
379 2683 436 2735 Al).
458 2683 503 2735 καὶ
520 2682 672 2750 συμπληροῖ
695 2680 729 2736 0.
801 2682 825 2734 9.
854 2679 953 2748 ταῦτα]
973 2680 1085 2734 ἐνταῦτα
1104 2681 1186 2736 nel).

205 2770 247 2821 11.
276 2771 354 2840 φίλον
372 2768 454 2822 Aen.
544 2767 585 2820 13.
614 2763 801 2836 προσειληφός]
821 2765 856 2818 sic
876 2764 928 2829 AC,
952 2765 1135 2839 προσειληφώς
1152 2767 1186 2821 0.

205 2855 247 2907 ld.
275 2858 396 2922 σνχχενεί
410 2855 444 2905 D.
517 2856 560 2906 17.
586 2848 648 2919 ἴσον]
667 2856 727 2906 εἰσιν
751 2854 782 2903 Α.

128 3041 186 3086 tum
204 3033 329 3106 ingenitis
347 3041 405 3087 tum
416 3031 524 3108 genitis,
541 3026 742 3105 miscellamque
753 3029 786 3084 ab
799 3029 923 3086 omnibus
935 3029 1083 3098 admittere,
1102 3032 1186 3086 omni·

127 3117 232 3194 busque
250 3119 371 3174 vicissim
389 3117 423 3175 de
434 3137 465 3174 ιο
477 3117 750 3192 oontemperotionsm
760 3113 860 3192 largiri,
879 3115 1030 3193 deindeque
1040 3117 1106 3173 haee
1118 3115 1186 3173 idio·

129 3214 199 3260 meta
216 3204 361 3261 extendere
378 3223 429 3282 per
445 3223 540 3260 omnes
557 3203 587 3259 in
605 3221 636 3258 se
653 3211 802 3280 potestates
821 3212 849 3259 et
865 3204 997 3260 essentias
1013 3212 1042 3259 et
1054 3204 1186 3280 operatio·

128 3309 189 3357 nes,
206 3289 258 3347 boc
276 3300 410 3366 tamquam
427 3289 566 3347 animabus
582 3289 724 3367 proprium
741 3297 770 3345 et
791 3287 912 3346 naturale
928 3289 1111 3355 attribuimus,
1134 3309 1184 3345 nec

128 3378 188 3432 sine
199 3379 325 3433 ueritate.

199 3461 273 3536 Quid
292 3465 373 3538 igitur
390 3462 425 3519 de
441 3461 538 3519 mediis
556 3461 693 3519 dicemus?
718 3462 815 3538 opinor
832 3459 879 3517 illa
897 3464 964 3519 satie
982 3460 1105 3519 omnibus
1123 3455 1221 3519 essed

127 3550 270 3626 perspicua
294 3569 328 3604 ex
350 3550 386 3603 iis
407 3568 475 3624 quae
494 3547 646 3613 attulimus,
669 3545 806 3624 complent
828 3549 899 3603 enim
920 3556 1100 3609 extremorum
1120 3547 1184 3606 hine

127 3633 191 3690 inde
215 3631 376 3689 indivulsam
398 3653 477 3709 quam
500 3633 617 3692 diximus
641 3633 844 3690 connexionem
872 3632 1046 3691 nibilominus
1068 3644 1096 3691 et
1118 3633 1183 3692 haec

127 3738 251 3776 sermone
268 3737 462 3795 percurramus.
507 3738 579 3797 pono
601 3720 682 3795 igitur
700 3716 858 3774 daemonum
874 3728 980 3794 gentem
1002 3719 1183 3798 multiplicari,

127 3804 177 3863 sed
194 3806 277 3872 unite,
296 3813 324 3860 et
341 3805 457 3872 misceri,
475 3804 526 3861 sed
543 3806 716 3883 impermiste,
734 3813 763 3858 et
780 3801 905 3860 inferiora
923 3814 1012 3863 oetere
1022 3809 1110 3865 omnia
1122 3827 1184 3863 eon·

127 3893 212 3948 tinere
231 3893 259 3947 iu
277 3911 307 3947 se
325 3891 376 3947 sub
394 3889 455 3947 iden
474 3889 601 3947 melioris
631 3899 723 3947 contra
745 3887 883 3947 heroicum
904 3910 986 3968 genus
1009 3890 1081 3948 foras
1103 3901 1132 3947 et
1154 3893 1182 3948 in

126 3977 266 4056 publicum
284 3978 392 4054 quidem
409 3976 553 4055 profitetur
570 3974 782 4034 divisibilitatem
792 3986 820 4033 et
830 3974 1063 4056 multiplicitatem,
1081 3986 1182 4033 motum

128 4084 235 4140 quoque
252 4074 280 4120 et
297 4066 450 4120 mistionem
468 4071 496 4119 et
513 4071 600 4118 cetera
620 4081 688 4137 quae
703 4060 748 4120 his
766 4073 829 4121 suut
847 4063 944 4134 affinia,
969 4066 1076 4121 iuterim
1093 4073 1181 4119 tamen

127 4152 224 4228 recipit
243 4151 358 4229 desuper
375 4149 445 4208 douo
464 4146 511 4205 ille
527 4149 670 4205 emiuemia
688 4150 886 4229 introrsumque
904 4170 1033 4209 souuerse
1049 4150 1180 4219 recondit,

127 4237 255 4292 unitatem
273 4235 334 4294 dico
353 4246 380 4293 et
397 4237 541 4315 puritatem
558 4247 587 4294 et
604 4235 776 4296 stabilitatem
793 4248 902 4307 ueturae
919 4247 947 4295 et
959 4237 1125 4295 identitatem
1142 4239 1182 4295 iu·

979 4343 1014 4399 2¹}
