2776 4876
204 364 256 430 ³,ss
335 393 345 408 ⁷-
1208 367 1258 421 tot
1316 422 1318 427 ,

206 519 307 599 ἡνίκα
331 512 375 585 ab
396 529 467 595 τοῖς
489 515 588 597 ὅλοις,
616 516 676 608 ἀφ’
696 508 742 583 ὧν
771 517 996 603 ἀπεμερίσθη,
1026 519 1172 613 συνάπτη
1201 517 1261 600 τάς

207 633 328 717 μοίρας
355 633 416 710 τῆς
444 630 527 709 ζωῆς
554 635 610 696 καί
638 631 697 710 τῆς
724 631 844 716 νοερᾶς
871 635 1048 717 ἐνεργείας·
1079 633 1262 717 πληροῦται

173 737 272 830 θγάρ
295 737 363 807 ἀπό
386 742 452 806 τῶν
474 737 560 808 ὅλων
584 737 656 807 τότε
679 745 737 821 τῆς
758 738 867 822 πάσης
889 739 1054 823 είδήσεως,
1083 742 1126 820 ὡς
1147 746 1200 808 ἐπὶ
1222 739 1260 810 τό

185 856 362 919 πλεῖστον
383 849 586 944 ἐξικνεῖσθαι
608 862 682 929 ταῖς
703 856 846 929 ἐννοίαις
867 857 933 919 τῶν
954 858 1027 939 περὶ
1050 849 1111 919 τὸν
1135 850 1261 938 κόσμον

207 967 471 1048 ἐπιτελουμένων.
517 962 557 1029 οὐ
578 960 645 1048 μην
670 962 744 1030 ἀλλ’
765 960 892 1030 ὁπόταν
920 989 956 1048 γε
983 967 1040 1030 καὶ
1066 975 1138 1042 τοῖς
1166 969 1262 1042 θεοῖς

173 1077 321 1165 εόνωθῇ
342 1068 428 1140 κατολ
451 1070 511 1154 τὴν
534 1072 689 1154 τοιαύτην
711 1071 877 1143 ἀπόλυτον
899 1082 1077 1159 ἐνέργειαν,
1105 1071 1191 1141 αὐτοὶ
1219 1070 1262 1142 τά

208 1183 427 1265 ἀληθέστατα
451 1187 576 1271 δέχεται
599 1189 779 1265 τηνικαῦτα
800 1182 1005 1274 πληρώματα
1025 1189 1093 1251 τῶν
1107 1183 1262 1267 νοήσεων,

208 1294 270 1388 ἀφ’
290 1288 335 1362 ὧν
357 1295 475 1377 ἀληθῆ
496 1299 657 1380 μαντείαν
678 1294 861 1384 προβάλλει
882 1299 950 1363 τῶν
977 1299 1082 1362 θείων
1111 1297 1262 1380 ὀνείρων·

173 1429 190 1480 o
208 1409 364 1473 ἐντεῦθεν
378 1403 440 1484 τὰς
454 1403 681 1491 γνησιωτάτας
696 1403 802 1497 ἀργός
815 1405 1069 1494 καταβάλλεται.
1113 1405 1187 1473 ἀλλ’
1203 1402 1263 1474 ἐὰν

209 1522 270 1604 μὲν
293 1514 330 1585 τὸ
352 1514 470 1606 νοερόν
492 1520 611 1599 εαυτῆς
633 1517 655 1599 ἡ
677 1515 767 1609 ψυχὴ
797 1523 854 1585 καὶ
881 1517 920 1585 τό
951 1521 1050 1585 θεῖον
1078 1523 1263 1611 σννυφαίνγ

208 1641 279 1707 τοῖς
301 1633 470 1719 κρείττοσι,
491 1626 567 1695 τότε
589 1633 644 1696 καί
667 1625 711 1696 τά
733 1626 959 1719 φαντάσματα
981 1628 1083 1710 αὐτῆς
1102 1634 1193 1697 ίσται
1208 1654 1264 1695 κα-

157 1759 191 1810 12
209 1739 398 1827 θαροίτερα,
421 1735 496 1821 ἤτοι
515 1744 590 1828 περὶ
614 1742 705 1805 θεῶν
726 1736 749 1820 ἢ
762 1745 828 1807 τῶν
843 1739 926 1806 καθ’
945 1735 1064 1818 ἑαυτάς
1079 1738 1264 1825 ἀσωμάτων

210 1849 337 1930 οὐσιῶν,
365 1844 389 1932 ἢ
410 1849 454 1929 ὡς
475 1849 588 1928 άπλῶς
609 1857 718 1929 ελπεῖν,
740 1856 814 1940 περὶ
836 1856 902 1918 τῶν
924 1858 969 1930 είς
991 1849 1161 1932 ἀλήθειαν
1183 1873 1264 1936 συμ-

208 1963 424 2048 βαλλομένων
445 1959 507 2043 τὴν
528 1967 601 2049 περὶ
624 1964 690 2028 τῶν
711 1965 847 2043 νοητῶν.
893 1959 952 2029 ἐὰν
979 1964 1014 2029 δὲ
1042 1959 1119 2039 τοὺς
1147 1958 1265 2047 λόγους

159 2098 191 2148 15
208 2075 275 2139 τῶν
296 2077 497 2158 γιγνομένων
518 2071 626 2165 άνάγῃ
648 2067 731 2161 πρός
752 2070 832 2151 τούς
860 2079 985 2152 αίτίους
1013 2071 1122 2141 αὐτῶν
1151 2070 1264 2150 θεούς,

211 2180 352 2269 δύναμιν
374 2182 431 2250 ἀπ’
452 2182 561 2251 αὐτῶν
582 2181 842 2279 προσλαμβάνει7
858 2187 913 2251 καί
936 2188 1056 2269 γνῶσιν
1072 2183 1265 2268 ἀναλογιζο·

209 2301 312 2381 μένην
334 2291 400 2363 ὅσα
424 2319 457 2360 τε
480 2286 600 2376 ἦνκαὶ
623 2291 688 2361 ὅσα
711 2297 810 2375 ἔσται,
835 2298 984 2381 θεωρίαν
998 2320 1032 2361 τε
1047 2289 1173 2371 παντός
1184 2291 1265 2379 χρό-

161 2425 193 2475 νε
210 2430 270 2475 νου
291 2416 442 2485 ποιεῖται,
463 2409 520 2473 καὶ
542 2408 607 2472 τῶν
628 2412 664 2471 tr
686 2409 732 2488 τῷ
744 2405 853 2492 χρόνῳ
869 2401 1120 2490 συμβαινόντων
1136 2411 1264 2470 ίπισκο-

283 2592 306 2642 1.
334 2586 505 2663 &semperne
524 2590 554 2642 Β.
576 2585 588 2659 ΙΙ
609 2588 749 2662 συνάπτῃ]
776 2591 966 2652 sicVelsenius,
989 2588 1112 2656 συνάπτη
1130 2590 1162 2650 Α,
1184 2585 1266 2641 συνά-

281 2695 342 2730 πτει
359 2678 392 2729 0.
464 2677 542 2730 8-9.
570 2674 622 2729 τῶν
635 2678 958 2745 θείων-καταβάλλεται
971 2697 999 2728 ex
1012 2675 1123 2741 margine
1134 2674 1160 2726 in
1173 2689 1265 2726 textum

282 2761 374 2814 venisse
396 2777 479 2815 censet
501 2763 565 2814 Gale
583 2777 636 2815 not.
745 2763 787 2815 10.
814 2761 878 2831 pir]
902 2763 938 2815 sic
960 2762 1019 2823 Ac,
1047 2781 1098 2815 om.
1118 2763 1150 2815 0.
1171 2754 1184 2829 ΙΙ
1204 2780 1266 2814 συν-

281 2851 380 2916 ηφαίνη
399 2848 455 2902 CD.
528 2850 570 2900 15.
597 2850 736 2918 γινομένων
749 2850 805 2902 ΑΙ).
819 2843 831 2917 ΙΙ
844 2845 1039 2918 άνάγκηΑὓΙ).
1112 2849 1152 2901 16.
1182 2865 1267 2918 προσ-

282 2933 422 3001 λαμβάνειν
441 2932 522 2985 ΔΒΙ).
596 2935 637 2986 17.
668 2931 795 3004 θεωρίαν]
813 2934 848 2985 εἰσ
867 2933 949 2997 acl),
979 2937 1081 3006 θεωρία
1099 2934 1132 2986 0.

215 3105 275 3161 illas
293 3108 365 3162 vitae
388 3117 415 3162 et
438 3106 627 3163 intellectualis
651 3109 815 3185 operationis
837 3110 992 3185 portiones,
1015 3107 1159 3185 perfectius
1182 3108 1268 3166 adbuc

212 3192 361 3269 reportabit
376 3195 543 3250 vaticinium:
566 3193 686 3271 repletur
708 3195 780 3249 enim
797 3203 861 3249 tnnc
880 3196 953 3249 omni
977 3195 1090 3250 seientia
1113 3195 1145 3249 ab
1164 3197 1269 3250 univer·

157 3296 159 3299 ·
212 3277 326 3346 salibus,
347 3280 384 3333 ita
401 3289 432 3334 ut
449 3278 624 3357 complurima
643 3281 723 3335 etiam
740 3288 864 3356 penetret
881 3281 939 3335 suis
957 3280 1176 3356 cogitationibus,
1201 3300 1268 3356 quae

212 3366 241 3419 in
258 3367 390 3442 superiori
408 3365 506 3422 mundo
526 3375 660 3442 geruntur.
705 3367 787 3420 immo
805 3368 911 3442 quoties
929 3365 983 3422 diis
1001 3364 1140 3443 copulatur
1157 3384 1208 3442 per
1224 3367 1269 3423 ab·

213 3459 340 3507 structam
358 3449 510 3508 huiusmodi
528 3453 720 3529 operationem,
746 3449 835 3508 baurit
852 3461 925 3508 certe
942 3453 1098 3509 verissimas
1120 3451 1153 3507 ab
1171 3454 1206 3508 iis
1223 3471 1270 3507 no-

214 3538 311 3603 tiones,
330 3557 345 3590 a
363 3537 459 3610 quibus
478 3537 553 3594 elicit
569 3557 660 3594 veram
677 3540 706 3594 ln
724 3540 837 3594 somniis
853 3538 952 3594 divinis
970 3539 1184 3594 vaticinationem
1196 3538 1270 3595 inde·

213 3641 267 3697 que
285 3621 438 3677 firmissima
457 3626 553 3680 sternit
570 3623 747 3680 fundamenta.
795 3622 870 3700 quod
894 3625 918 3678 si
942 3624 1027 3677 anima
1045 3634 1149 3699 partem
1171 3628 1213 3681 sui
1231 3627 1270 3680 in·

213 3703 395 3762 tellectualem
413 3716 441 3762 et
459 3707 576 3765 divinam
594 3709 750 3766 melioribus
768 3711 871 3764 naturis
889 3710 1078 3775 connexuerit,
1099 3719 1164 3766 tunc
1183 3713 1270 3768 omnia

214 3796 272 3848 eius
290 3790 487 3869 phantasmata,
511 3797 569 3852 sive
592 3799 648 3852 sint
670 3797 704 3853 rie
722 3796 775 3852 diis
794 3797 852 3849 sive
870 3791 1003 3847 derebus
1026 3811 1076 3868 per
1097 3811 1127 3847 sc
1148 3797 1271 3874 incorpo-

210 3881 277 3947 reis,
298 3881 363 3945 sire,
381 3888 412 3933 ut
429 3878 567 3937 absolvam
584 3884 682 3949 omnia,
705 3878 838 3936 derebus
856 3877 890 3932 ad
908 3875 1113 3953 intelligibilium
1131 3881 1272 3936 veritatem

217 3965 411 4041 quovismodo
430 3967 623 4043 spectantibus,
642 3969 750 4044 puriora
769 3974 797 4020 et
808 3963 952 4040 liquidiora
965 3967 1125 4021 exorientur.
1171 3968 1271 4022 sivero

217 4053 311 4118 anima,
331 4071 396 4127 quaa
416 4055 443 4107 in
462 4073 493 4108 se
510 4051 592 4108 babet
609 4070 698 4118 rerum
710 4049 901 4128 generabilium
912 4053 1038 4119 rationes,
1056 4063 1200 4108 connectat
1211 4073 1272 4110 cum

217 4137 269 4192 diis
288 4156 378 4193 earum
401 4141 502 4205 causis,
525 4140 675 4216 potentiam
698 4137 731 4194 ab
754 4139 788 4193 iis
812 4140 910 4216 accipit
931 4148 959 4194 et
981 4141 1154 4216 capacitatem
1176 4158 1274 4217 eogno-

216 4223 310 4293 eeeudi
329 4235 355 4280 et
375 4245 443 4301 quae
461 4224 560 4284 suerint
578 4244 697 4301 quaeque
716 4224 802 4294 lutura
821 4237 896 4295 eunt,
920 4228 1058 4301 omniaque
1077 4236 1195 4303 tempora
1213 4247 1272 4305 per·
