2776 4876
213 337 266 392 18⁰
1217 335 1268 398 4,1

212 490 252 561 τδ
274 499 310 559 ὲν
332 489 441 559 σκότει
462 486 523 572 τὴν
545 485 651 580 ἀρχὴν
672 486 892 578 τεθράφθαι,
921 486 982 568 τάς
1003 513 1037 556 τε
1062 486 1176 576 ἀρχάς,
1199 487 1266 579 ἀφ’

212 597 258 673 ὧν
272 601 513 693 παράγινονται
526 606 640 684 ταῦτα,
663 600 817 669 οὐδέποτε
832 597 993 669 δύνανται
1007 597 1267 686 διαγιγνώσκειν.

211 719 268 784 καί
289 720 383 804 μέχρι
404 710 446 795 δν]
475 711 599 781 τούτων
620 710 662 780 τά
684 717 759 802 περὶ
786 715 847 780 τοῦ
868 709 993 802 τρόπον
1022 716 1081 794 τῆς
1109 716 1271 799 μαντείας
1292 727 1308 778 3

211 826 293 914 ἡμῖν
314 828 511 914 διωρισμένα
534 829 626 903 τέλος
647 829 753 912 ἐχέτω.

125 1263 192 1348 4‚l
301 1269 372 1360 Ἄγε
395 1271 436 1357 δὴ
459 1266 526 1354 οὖν,
550 1269 639 1351 ὅπως
661 1273 779 1365 ἐφεξῆς
806 1276 863 1340 καὶ
891 1267 951 1350 τάς
980 1267 1143 1349 δοκούσας
1174 1278 1273 1338 ἐναν-
1293 1280 1309 1330 5

210 1383 337 1465 τιώσεις
359 1382 627 1475 ἐπισκεψώμεθα,
648 1389 734 1464 τίνες
756 1388 819 1453 είσὶ
840 1387 897 1450 καὶ
919 1386 995 1451 τίνα
1017 1380 1131 1469 λόγον,
1148 1385 1270 1469 έχουσι.

209 1501 267 1565 καί
289 1500 374 1579 δῆτα
395 1494 454 1565 ἐάν
476 1496 576 1582 ὀλίγῳ
597 1499 736 1564 πλείονα
758 1496 925 1583 διεξίωμεν
946 1499 1022 1584 περί
1036 1517 1142 1574 τινων,
1164 1493 1209 1572 ώς
1224 1488 1271 1561 ίίν

211 1608 262 1676 ἐπ’
281 1607 432 1689 ἐξουσίας
453 1611 540 1686 ίδίας
561 1611 617 1675 καὶ
639 1603 724 1674 κατά
747 1603 871 1694 σχολὴν
892 1604 1085 1694 ποιούμενοι
1113 1603 1191 1684 τούς
1212 1602 1273 1673 λά·
1290 1607 1308 1658 8

211 1745 298 1806 γους,
321 1721 554 1835 ἐπιμένεινοδεῖ
576 1741 612 1785 σε
633 1716 819 1807 προθύμως
833 1722 889 1787 καὶ
902 1725 1080 1807 καρτερεῖν.
1114 1721 1189 1806 περὶ
1203 1712 1272 1808 γάρ

210 1831 278 1899 τών
290 1832 453 1917 μεγίστων
467 1826 682 1915 μαθημάτων
696 1829 843 1916 μεγάλας
856 1833 1059 1898 ἐνίστασθαι
1074 1831 1122 1896 δεῖ
1137 1833 1195 1896 καὶ
1209 1826 1272 1908 τάς

212 1938 367 2020 σπονδάς,
379 1938 489 2028 χρόνῳ
504 1964 537 2007 τε
553 1947 589 2007 ἐν
602 1943 715 2026 πολλῷ
729 1941 772 2008 δι’
787 1941 957 2028 ἀκριβείας
970 1943 1271 2028 βεβασανισμένος,
1290 1947 1320 1998 11

211 2059 239 2120 εί
259 2055 391 2139 μέλλοις
413 2047 499 2118 αὐτοὶ
520 2056 635 2130 τελέως
656 2050 863 2136 γνώσεσθαι·
887 2051 928 2120 σύ
949 2056 1010 2137 μὲν
1031 2043 1091 2119 οὖν
1105 2048 1191 2118 κατά
1207 2048 1271 2134 τὴν

211 2167 386 2253 παροῦσαν
407 2159 580 2242 ὑπόθεσιν,
603 2160 711 2248 ώσπερ
733 2158 830 2252 ἤρξω,
859 2160 1008 2249 πρότεινε
1031 2159 1092 2239 τάς
1114 2160 1271 2247 ἐμποιού-

283 2374 308 2423 1.
335 2370 422 2437 σκότῳ
443 2370 523 2424 acl).
553 2366 566 2440 Ι]
595 2369 774 2443 τεθράφθαι]
798 2373 833 2424 sic
846 2371 990 2435 Velsenins,
1025 2367 1183 2443 τετράφθαι
1212 2371 1272 2434 ΑΙ),

279 2456 431 2528 τντράφθαι
449 2457 482 2510 0.
554 2459 580 2510 2.
608 2456 818 2529 παραγίνονται]
833 2456 1000 2530 παράγονται
1012 2458 1046 2511 Ο.
1064 2453 1077 2527 Ι]
1095 2452 1223 2510 οὗδίποτε
1236 2457 1271 2511 Β.

292 2539 305 2612 ΙΙ
317 2541 524 2612 διαγιγνώσκειν]
544 2542 579 2595 sic
593 2545 623 2609 A,
649 2540 826 2611 διαγινώσκειν
845 2544 878 2597 0.
950 2545 977 2596 d.
1004 2547 1082 2610 ἐχέτω
1095 2546 1170 2603 τέλος
1188 2542 1272 2595 ael).

292 2624 305 2698 Ι]
317 2631 390 2689 τέλος
408 2648 457 2682 om.
471 2629 503 2682 B.
575 2632 600 2682 5.
612 2631 636 2682 6.
666 2625 835 2690 άναντιώσεις
852 2629 883 2682 B.
957 2630 982 2682 θ.
1008 2628 1218 2700 ε’πισχεφώμεθα
1235 2629 1270 2685 Ι).

292 2710 407 2782 ΙΙλχονοι
423 2714 503 2781 λόγον
521 2717 579 2768 ΑΙ).
653 2717 695 2770 12.
722 2713 840 2788 μέλλοις]
859 2715 895 2767 sic
913 2715 994 2779 ACD,
1019 2719 1118 2786 μέλλεις
1136 2717 1170 2768 0.
1189 2709 1270 2783 1Ιαῦ-

284 2798 339 2866 ad]
357 2797 426 2854 αύτὸ
447 2800 550 2854 ABCD.
1035 2841 1036 2845 ,

211 3077 302 3134 nebris
320 3077 443 3133 innutriti
460 3076 543 3147 fuere,
561 3098 649 3156 neque
666 3080 799 3158 principia
817 3080 889 3137 unde
900 3080 966 3138 baec
979 3082 1143 3160 proveniunt
1153 3093 1270 3159 possunt

210 3163 367 3240 intelligere.
411 3163 541 3221 hactenus
558 3166 640 3242 igitur
658 3185 725 3242 quae
743 3187 758 3221 a
776 3166 855 3223 nobis
872 3166 907 3223 de
925 3166 1006 3224 mode
1024 3168 1144 3225 vaticinii
1156 3165 1270 3223 definita

211 3260 275 3307 sunt
292 3251 374 3307 finem
391 3247 514 3306 babeant.
1155 3274 1158 3279 ¹

174 3593 192 3652 l
282 3595 340 3673 Age
357 3596 446 3672 igitan
470 3594 599 3673 deinceps
617 3594 754 3652 videamus
773 3597 901 3673 quasdam
918 3619 933 3652 a
952 3607 980 3653 te
998 3596 1165 3653 abiectiones
1183 3617 1270 3676 oppe-

211 3684 286 3751 sitas,
309 3692 366 3738 tum
384 3702 452 3759 quae
470 3683 525 3737 sint
543 3691 600 3738 tum
618 3701 669 3758 qna
688 3683 807 3738 nitantur
825 3685 936 3740 ratione.
982 3685 1006 3739 si
1025 3692 1113 3739 autem
1130 3682 1216 3739 fusius
1235 3684 1270 3741 de

210 3767 346 3826 nonnullis
364 3786 479 3844 agamus,
497 3776 630 3844 tamquam
642 3787 692 3845 pro
706 3766 784 3824 libitu
797 3778 824 3825 et
836 3789 931 3828 secure
942 3768 1120 3847 disputantes,
1139 3780 1167 3826 te
1178 3781 1270 3828 tamen

209 3852 317 3910 decebit
334 3851 431 3909 durare
450 3862 478 3908 et
500 3864 625 3932 prompte
643 3856 730 3910 animo
753 3853 856 3911 adesse.
903 3875 967 3911 sane
989 3854 1023 3911 de
1045 3858 1168 3913 maximis
1186 3856 1272 3914 disci-

208 3939 293 4017 plinis
310 3939 451 3995 maximam
468 3937 634 4015 diligentiam
652 3950 680 3997 et
697 3939 781 3998 multo
794 3951 916 4020 tempore
927 3941 995 3997 bene
1006 3942 1146 4019 probatam
1159 3953 1271 4022 oportet

210 4024 315 4092 afferre,
333 4023 358 4077 si
375 4020 445 4079 velis
464 4043 494 4079 ea
511 4025 630 4101 perfecte
642 4028 828 4105 introspicere.
874 4030 1002 4103 anigitur,
1020 4039 1103 4107 prout
1113 4028 1271 4086 iamdudum

208 4108 330 4188 postulat
347 4126 475 4186 praesens
493 4105 653 4186 hypothesis
672 4122 699 4170 et
718 4114 791 4189 qued
808 4116 924 4193 coepisti
942 4113 1037 4182 iacere,
1055 4115 1146 4193 proies
1163 4114 1197 4172 de
1210 4118 1271 4192 qui·

209 4195 260 4252 bus
279 4195 386 4253 dubitas
404 4203 432 4251 et
449 4193 569 4270 ambigis,
588 4216 637 4273 ege
654 4217 705 4275 pro
722 4210 800 4277 parte
811 4200 884 4258 virili
896 4200 1075 4279 respondebo.
1120 4201 1165 4259 dic
1176 4203 1269 4278 igitur,
1304 4233 1307 4238 ·
