2776 4876
212 338 239 402 3,
249 338 285 390 28
1218 339 1269 394 169

212 495 267 557 καὶ
290 495 466 576 ἐγκοσμίου
489 493 597 578 ψυχῆς
619 495 810 579 δημιουργεῖ
834 489 912 571 τούς
939 492 1096 579 κόσμους·
1126 495 1144 562 ὁ
1169 498 1203 563 δὲ
1226 496 1268 577 δὴ

211 605 276 669 τῶν
299 600 438 670 είδιόλων
460 599 598 684 ποιητὴς
620 608 748 689 λέγεται
768 609 828 689 μὲν
844 604 887 683 ὡς
902 600 956 672 διά
972 612 1037 673 τῶν
1053 605 1268 692 περιπολοόν-

176 730 191 780 3
212 739 276 780 των
298 713 446 800 ἀστέρων
468 710 554 781 αι’πά
577 714 804 802 ἀπεργάζεται.

304 823 352 891 Ob
372 825 454 910 μήν,
483 824 526 904 ὥς
548 852 584 911 γε
614 827 735 896 οὑτωσὶ
758 827 861 909 δόξαι,
890 834 953 916 ἔχει
976 834 1023 914 τῷ
1043 827 1115 896 ὄντι
1136 834 1192 897 καὶ
1215 835 1268 897 ἐπὶ

211 939 270 1017 τῆς
296 936 472 1017 ἀληθείας.
527 937 633 1006 οὐσῶν
661 935 727 1025 γάρ
755 945 830 1026 περὶ
857 939 934 1020 τοάς
963 942 1136 1028 οὐρανίους
1164 941 1269 1021 θεοὺς

176 1066 192 1116 6
210 1047 354 1134 ἀπείρων
375 1046 417 1128 δή
439 1072 537 1116 τινων
559 1049 739 1136 δυνάμεωιι
759 1053 794 1118 ἓν
809 1057 904 1137 γένος
918 1057 984 1119 των
1002 1059 1036 1121 ἐν
1052 1052 1169 1132 αὐταῖς
1183 1053 1268 1120 πάν·

212 1185 277 1227 των
299 1159 438 1247 ἔσχατόν
461 1168 538 1240 ἐστι,
561 1159 600 1228 τό
623 1161 772 1254 φυσικόν.
819 1161 938 1231 τούτου
961 1167 996 1231 δὲ
1019 1156 1123 1241 αὖθις
1144 1160 1183 1231 τὸ
1206 1169 1268 1250 μὲν

211 1280 247 1338 ὲν
268 1270 378 1357 λόγοις
400 1283 632 1359 σπερματικοῖς
654 1298 688 1341 τε
711 1279 767 1341 καὶ
790 1271 854 1361 πρό
872 1278 937 1342 τῶν
955 1280 1183 1362 σπερματικῶν
1197 1289 1268 1355 τοῖς

176 1394 192 1444 9
210 1382 376 1463 ἀκινήτοις
397 1386 571 1469 ἱδρυμένον
593 1398 786 1470 προηγεῖται
808 1385 892 1453 καθ’
912 1384 1010 1454 ἑαυτὸ
1026 1382 1090 1474 πρό
1106 1392 1166 1469 τῆς
1180 1394 1266 1474 γενέ-

211 1516 307 1573 σεως·
330 1490 368 1561 τό
393 1498 427 1562 δὲ
449 1501 485 1560 ἐν
506 1505 579 1573 ταῖς
602 1500 786 1577 αἰσθηταῖς
807 1502 863 1564 καὶ
887 1510 1049 1587 φανεραῖς
1070 1496 1217 1581 κινήσεσί
1231 1525 1266 1566 τι

210 1611 267 1673 καὶ
289 1604 475 1692 δυνάμεσιν,
498 1604 695 1692 ἀπορροίαις
716 1632 751 1674 τε
773 1619 848 1687 ταῖς
870 1608 904 1688 ἐξ
927 1609 1073 1695 οὐρανοῦ
1093 1615 1149 1677 καὶ
1171 1608 1266 1677 ποιό·

158 1725 191 1775 12
211 1739 313 1799 τησιν,
337 1715 561 1786 ἐνδυναστεύει
582 1713 674 1808 πυροί
696 1723 811 1787 πᾶσαν
833 1717 895 1802 τὴν
918 1716 1070 1810 φανεράν
1084 1719 1266 1806 διακόσμη-

210 1852 277 1897 σιν·
301 1829 351 1909 οίς
372 1833 453 1896 πᾶσι
476 1823 516 1895 τὸ
531 1834 718 1898 τελευταῖον
732 1839 767 1898 ὲν
782 1842 852 1909 τοῖς
867 1836 941 1918 περὶ
956 1835 1021 1917 γῆν
1035 1829 1150 1910 τόποις
1165 1829 1266 1918 ἐπόρ-

204 1966 256 2027 χει
276 1945 336 2022 τῆς
357 1944 521 2029 περιγείου
543 1946 693 2032 φανεροῖς
714 1948 882 2027 γενέσεως·
911 1946 950 2034 τῇ
972 1946 1007 2009 δὲ
1029 1946 1088 2022 τῆς
1117 1946 1267 2032 φανεροῖς

157 2064 190 2114 15
207 2059 363 2136 γενέσεως
385 2057 574 2137 ἐπικρατείᾳ
595 2056 652 2119 καὶ
674 2064 748 2131 ταῖς
771 2053 813 2119 δι’
833 2053 1025 2135 αίσθήσιως
1047 2058 1265 2144 φαινομέναις

208 2162 361 2254 ποιότησι
389 2167 455 2229 τῶν
483 2162 540 2228 ἀπ’
568 2164 715 2247 οὐρανοῦ
743 2171 1045 2250 καταπεμπομένων
1075 2166 1265 2253 ἀπορροιῶν

209 2272 310 2341 ἀλλαι
333 2300 366 2341 τε
389 2278 511 2342 πολλαὶ
533 2282 645 2360 τέχναι
662 2279 820 2360 χρῶνται,
849 2273 957 2360 ὥσπερ
986 2274 1114 2362 ἰατρική
1144 2299 1178 2341 τε
1207 2280 1264 2342 καὶ

158 2394 190 2445 18
209 2383 411 2473 γυμναστικὴ
434 2391 490 2452 καὶ
513 2391 619 2451 πᾶσαι
642 2383 721 2451 ὅσαι
734 2388 928 2453 κοινωνοῦσι
942 2389 981 2478 τῇ
996 2384 1093 2478 φύσει
1109 2384 1171 2468 τὴν
1186 2392 1263 2453 ίαν·

280 2625 303 2672 1.
331 2621 376 2672 καὶ
394 2617 552 2689 ίγκοσμίου]
572 2619 607 2670 sio
626 2619 698 2671 ecl)
718 2621 804 2672 Fescb.
825 2620 885 2686 ling.
908 2639 960 2671 om.
980 2620 1013 2672 0.
1038 2615 1050 2688 ΙΙ
1074 2619 1106 2688 δὴ
1130 2619 1214 2672 addidi
1233 2642 1261 2673 er

279 2706 358 2758 Act).
431 2707 455 2759 3.
475 2703 666 2776 ἀπεργάζεται]
680 2706 805 2772 sitrici),
824 2701 1029 2777 ἀπεργάζεσθαι
1041 2707 1074 2758 0.
1147 2711 1171 2760 b.
1191 2707 1261 2779 περὶ]

277 2794 312 2845 sic
331 2794 402 2846 ACD
422 2793 517 2855 Fescb,
543 2795 586 2844 tut
604 2793 638 2845 Ο.
710 2792 734 2845 7.
765 2794 795 2844 τὸ
814 2793 898 2844 addidi
909 2813 937 2844 ex
953 2791 1032 2844 ACD.
1105 2796 1146 2846 11.
1173 2788 1261 2866 ἀποῤ-

278 2882 347 2949 ῥίαις
365 2881 398 2932 D.
472 2879 514 2930 13.
542 2873 597 2944 οἷς]
620 2870 650 2947 ἧς
670 2879 724 2930 CD.
798 2881 892 2932 13.14.
920 2879 1016 2949 ίπάρχε
1034 2879 1066 2932 B.

208 3089 302 3145 donam
319 3088 434 3146 mundos
453 3087 547 3147 effioit:
574 3087 708 3146 idolorum
730 3109 796 3145 vero
820 3088 906 3146 factor
928 3088 1026 3146 dieitur
1048 3110 1079 3144 ea
1100 3110 1151 3166 per
1168 3089 1261 3146 stellas

207 3173 345 3233 volventes
364 3175 478 3232 efficere.

277 3262 340 3319 Non
357 3272 444 3318 autem
462 3264 511 3330 sie,
529 3271 559 3318 ut
576 3270 701 3339 apparet,
722 3279 786 3317 vere
804 3281 847 3316 res
871 3280 902 3316 se
924 3261 1011 3317 babet.
1056 3281 1116 3316 eum
1135 3263 1206 3316 enim
1224 3263 1262 3317 in·

206 3347 297 3404 linitae
313 3351 386 3406 vires
405 3351 459 3405 sint
477 3350 505 3405 in
524 3348 576 3404 diis
596 3345 765 3414 caelestibus,
784 3367 835 3403 una
854 3357 897 3404 est
915 3367 982 3424 quae
1000 3357 1074 3403 tenet
1090 3347 1211 3403 infimum
1223 3346 1262 3402 lo·

207 3454 266 3489 oum
284 3438 354 3491 iuter
372 3455 426 3502 eas,
444 3436 564 3511 potentia
581 3433 718 3490 naturalis.
760 3435 897 3510 potentiae
915 3432 994 3489 buius
1012 3453 1076 3511 pars
1095 3432 1145 3488 alia
1163 3452 1214 3510 per
1231 3453 1261 3489 se

204 3519 343 3597 praecedit
360 3521 566 3596 generationem,
589 3529 620 3575 ut
638 3541 705 3597 quae
723 3521 855 3576 consistat
871 3521 899 3574 in
918 3520 1065 3576 rationibus
1088 3515 1260 3576 seminalibus

205 3617 233 3662 et
251 3608 279 3660 in
297 3608 332 3661 iis
351 3615 499 3681 quaesunt
518 3615 579 3661 ante
597 3605 738 3662 seminales
751 3608 869 3661 rationes
881 3605 1040 3672 immobilia3
1059 3605 1110 3663 alia
1120 3626 1186 3663 vero
1196 3626 1260 3684 pars

204 3693 295 3769 posita
307 3693 335 3746 in
347 3690 520 3747 sensibilibus
532 3701 560 3746 et
571 3691 719 3749 manifestis
731 3693 857 3760 motibus,
875 3694 1057 3769 potentiisque
1070 3703 1097 3749 et
1109 3693 1260 3751 defluxibus

205 3777 366 3834 caelestibus
385 3786 412 3832 et
431 3775 611 3853 qualitatibus,
631 3778 783 3834 dominatur
800 3780 852 3834 toti
870 3798 959 3834 rerum
977 3777 1077 3835 visibili
1090 3780 1259 3838 ordinationi.

205 3864 271 3921 baec
289 3867 369 3940 igitur
387 3863 477 3919 infima
495 3872 616 3940 potestas
634 3867 663 3920 in
682 3864 723 3920 bis
743 3865 866 3920 omnibus
885 3863 960 3921 ducit
977 3869 1160 3942 generationes
1178 3869 1260 3924 mani·

205 3948 286 4006 festas
306 3971 373 4027 quae
392 3958 456 4005 sunt
474 3951 545 4005 circa
562 3960 668 4005 terram.
716 3949 767 4007 bae
784 3959 872 4007 autem
889 3961 1024 4029 potestate
1043 3974 1110 4029 quae
1132 3957 1161 4012 in
1183 3974 1260 4031 gene·

205 4039 306 4092 ratione
325 4036 462 4094 manifesta
481 4035 633 4092 dominatur
656 4046 683 4093 et
705 4036 877 4112 qualitatibus
899 4040 927 4094 in
951 4060 1060 4096 sensum
1082 4039 1193 4098 caelitus
1216 4039 1260 4095 de·

205 4121 359 4191 fluentibus,
384 4143 445 4179 eum
463 4123 530 4179 oliae
548 4133 619 4180 artes
637 4134 747 4181 utuntur
764 4123 894 4203 plurimae
912 4125 996 4183 veluti
1017 4127 1121 4184 medica
1143 4136 1171 4181 et
1188 4145 1259 4203 gym-

206 4211 322 4277 nastiea‚
347 4212 502 4266 tumetium
520 4231 567 4267 eae
585 4231 677 4269 omnes
702 4232 769 4288 quae
787 4214 815 4268 in
833 4214 968 4291 operando
991 4234 1052 4271 oum
1075 4222 1167 4268 natura
1190 4233 1260 4271 oom-
