2776 4876
171 365 192 404 x
562 347 695 405 Praelatio
713 349 834 406 editoris.

259 508 365 594 Quam
388 512 609 574 confusionem
633 532 671 575 ex
692 512 931 595 permutatione
953 509 1180 576 fasciculorum
1203 513 1224 576 2

46 693 49 697 ¹
171 632 204 685 et
226 625 246 685 4
269 634 468 707 procreatam
491 645 560 686 esse
583 632 723 708 apparet,
747 645 881 707 quorum
904 622 1040 688 alterum
1069 626 1096 688 si
1120 626 1155 687 in
1178 622 1223 687 al-

171 737 269 798 terius
297 732 403 798 locum
432 737 625 811 restitueris,
653 737 814 822 genuinus
844 733 927 799 ordo
956 734 1084 801 redibit.
1137 745 1228 820 patet

169 849 277 935 igitur,
300 845 473 909 codicesA
496 855 528 909 et
542 848 704 910 Parisinus
728 868 766 909 ex
789 846 966 932 archetypo
983 867 1072 925 sano,
1096 846 1227 912 codices

170 968 274 1055 autem
298 956 389 1022 BCD
415 967 448 1021 et
467 958 678 1023 Feschianum
708 979 726 1021 e
749 956 834 1022 libro
858 958 1053 1024 conturbato
1078 981 1148 1024 esse
1172 959 1228 1023 de-

170 1072 300 1133 rivatos.

257 1181 309 1244 De
332 1179 478 1245 codicum
502 1181 623 1247 ABCD
647 1181 756 1246 indole
780 1181 957 1247 notandum
981 1192 1037 1260 est,
1068 1182 1228 1247 Florenti-

169 1316 244 1358 num
261 1295 298 1373 A,
322 1296 461 1380 optimae
483 1306 590 1373 notae,
612 1294 763 1359 meliores
779 1294 936 1359 lectiones
957 1293 1147 1380 plerumque
1164 1317 1228 1359 ser-

168 1429 254 1484 vare,
278 1405 306 1471 C
331 1415 364 1469 et
385 1406 416 1469 D
445 1406 631 1491 frequenter
654 1429 725 1471 cum
749 1406 780 1469 A
803 1408 1001 1484 consentire,
1030 1411 1075 1470 ita
1099 1405 1226 1492 quidem

169 1530 205 1583 ut
228 1517 256 1584 C
280 1520 428 1603 proprius
451 1517 537 1583 adA
561 1517 700 1582 accedat.
746 1518 889 1583 codicem
914 1517 943 1584 C
968 1529 1073 1583 tamen
1097 1539 1164 1583 non
1189 1541 1227 1582 cx

168 1635 197 1694 A
220 1632 408 1715 exscriptum
432 1652 509 1707 esse,
533 1653 603 1694 cum
627 1652 645 1694 e
669 1634 808 1716 capitum
833 1629 963 1723 diverso
987 1629 1101 1695 ordine
1125 1642 1227 1695 tume

169 1764 243 1830 pag.
259 1744 302 1806 62
325 1765 355 1806 v.
372 1744 512 1806 iel-15
534 1751 638 1827 patet,
668 1743 725 1807 ubi
747 1744 777 1807 A
800 1740 957 1807 nonnulla
981 1745 1113 1820 omittit,
1144 1764 1227 1826 quae

168 1857 203 1917 in
223 1853 357 1939 reliquis
384 1853 545 1942 leguntur.
590 1853 759 1918 Leidensis
781 1856 824 1934 B,
854 1852 1006 1918 editionis
1030 1854 1227 1919 Oxoniensis

169 1965 243 2030 lons
266 1968 457 2051 praecipuus
480 1965 536 2048 (cf.
560 1966 655 2031 Galei
676 1966 926 2053 praelationem)
949 1964 1057 2030 multis
1080 1964 1162 2030 locis
1186 1966 1226 2030 ab

168 2080 285 2143 Jsaaco
303 2080 422 2142 Vossio
446 2090 559 2142 auctus
582 2089 631 2143 est
652 2078 769 2167 glossis
792 2077 1032 2167 marginalibus.
1077 2099 1227 2143 nonnun-

122 2196 126 2205 '
169 2214 264 2276 quam
280 2190 402 2256 Galeus
425 2196 494 2276 ipsc
518 2212 595 2276 quas
619 2190 823 2255 desiderabat
845 2190 1001 2256 lectiones
1024 2195 1058 2255 in
1081 2194 1225 2279 margine

169 2303 299 2384 addidit,
314 2302 405 2367 velut
420 2326 490 2388 pag.
507 2305 544 2366 lt
561 2327 590 2366 v.
607 2307 628 2367 8
645 2305 700 2367 ubi
714 2303 834 2392 legitur
857 2297 964 2389 ὥσπερ
981 2304 1226 2387 ἐμπλησθῆναι,

168 2420 202 2482 in
231 2420 373 2505 margine
403 2425 508 2481 autem
531 2415 702 2481 codicisB
732 2415 927 2501 adscriptum
958 2425 1009 2479 est
1034 2410 1114 2501 ὅπερ
1137 2417 1227 2480 ἐστὶν

168 2526 306 2609 ἀληθές.
345 2528 385 2593 ad
408 2528 488 2593 haec
506 2528 628 2593 Galeus
651 2531 685 2591 in
707 2530 793 2592 notis
816 2551 848 2613 p.
867 2527 931 2591 188
953 2522 1080 2608 »ὥσπερ
1103 2529 1226 2613 ἐμπλη-

168 2642 308 2719 σθῆναι.
353 2639 543 2704 Scutellius:
568 2642 650 2703 sicut
673 2642 762 2726 cogit
776 2641 905 2703 veritas,
950 2639 1082 2724 Legisse
1097 2637 1227 2700 videtur

169 2746 250 2835 ὅπερ
272 2753 361 2816 ἐστὶν
383 2748 513 2829 ἀληθὲς
533 2750 586 2814 vel
609 2749 685 2836 quid
706 2748 838 2813 simile.“
876 2770 958 2834 quae
982 2748 1088 2813 codici
1110 2745 1226 2812 adscri-

169 2872 244 2949 ptae
267 2872 343 2926 sunt
364 2861 521 2925 lectiones
536 2862 562 2924 F
586 2860 693 2927 littera
707 2870 840 2926 notatae
861 2861 1009 2926 ecodice
1025 2860 1133 2946 aliquo
1150 2859 1226 2925 Flo-

169 2977 296 3038 rentino
320 2973 450 3037 fluxisse
479 2983 567 3038 recte
596 2978 775 3060 suspicatus
805 2983 854 3036 est
877 2970 1050 3038 Conradus
1072 2976 1226 3038 Leemau-

169 3090 243 3151 sius.
290 3107 401 3150 omnes
425 3088 507 3149 enim
533 3109 603 3150 cum
626 3096 741 3150 nostro
765 3087 795 3149 A
818 3090 1033 3150 consentiunt.

259 3200 443 3265 Gothanum
472 3198 519 3275 D,
554 3197 743 3283 plerumque
770 3221 841 3263 cum
871 3196 932 3264 AC
961 3202 1224 3275 consentientem,

170 3313 337 3398 archetypi
368 3310 553 3373 conturbati
581 3312 832 3374 recentissimum
862 3311 1082 3398 apographum
1113 3331 1224 3374 essee

169 3447 242 3510 pag.
260 3427 320 3488 149
336 3446 366 3485 v.
384 3424 422 3487 17
447 3421 556 3509 colligi
575 3443 672 3507 posse
687 3422 824 3501 videtur,
847 3424 902 3489 ubi
925 3423 1045 3511 legitnr
1067 3427 1100 3487 in
1123 3425 1223 3486 notis:

171 3531 357 3624 ἀφιστάναι
380 3536 419 3614 A,
443 3531 571 3623 ἀφίστα
596 3532 632 3613 C,
656 3532 780 3621 ἀῳι...
804 3537 852 3611 Ι);
875 3539 979 3600 rarius
1002 3559 1074 3601 cum
1098 3536 1169 3600 solo
1194 3535 1223 3601 C

169 3648 246 3712 facit
267 3647 316 3725 D,
342 3657 378 3711 ut
400 3669 473 3734 pag.
495 3649 554 3711 151
580 3670 609 3711 v.
628 3649 664 3710 3:
693 3649 870 3731 μεθίστοις
897 3647 951 3712 vel
979 3650 1161 3732 μεθίστους
1185 3646 1223 3725 C,

169 3762 351 3847 μεθίστους
372 3759 419 3834 Ι);
450 3769 482 3822 et
503 3781 577 3847 pag.
595 3762 638 3823 66
661 3763 741 3837 v.9‚
769 3761 825 3825 ubi
854 3760 988 3825 verbum
1016 3761 1177 3841 γενέσθαι
1206 3780 1225 3821 a

171 3872 233 3939 CI)
257 3875 423 3936 omittitur.
449 3892 697 3956 vnonnunquam
713 3882 819 3938 tamen
835 3875 866 3938 Ι)
889 3896 908 3936 a
929 3872 1058 3958 reliquis
1079 3869 1223 3947 discedit,

169 3996 205 4051 ut
227 3965 300 4073 pag.
315 3985 380 4050 183
395 4009 424 4047 v.
441 3985 489 4062 17,
513 3983 568 4047 ubi
591 3987 624 4048 in
641 3984 779 4049 lectione
795 3983 885 4069 αὐτῷ
899 3989 979 4071 (pro
996 3981 1117 4063 αὐτοῦ)
1133 3979 1223 4045 solus

169 4099 200 4162 D
226 4121 296 4162 cum
321 4096 463 4162 editione
486 4096 666 4161 Oxoniensi
696 4100 865 4161 consentit.
910 4097 941 4160 D
965 4117 1031 4160 non
1056 4118 1091 4159 ex
1116 4095 1143 4156 B
1169 4093 1224 4158 de-

171 4213 322 4295 scriptum
348 4233 417 4275 esse
448 4209 606 4294 probatur
627 4230 700 4296 pag.
715 4210 758 4273 68
780 4235 810 4274 v.
827 4211 940 4288 3-5,
971 4207 1025 4272 ubi
1049 4207 1145 4272 verba
1168 4208 1223 4269 καὶ
