2776 4876
142 312 176 423 ι,’
176 360 193 412 ι
1160 365 1196 420 ει

137 520 293 602 μέτοχον,
320 520 497 583 νονννίαν
523 540 558 583 τι
586 520 662 602 ἔχον
689 513 773 605 πρὸς
794 515 858 584 ὅλα
885 516 928 585 τὰ
957 515 1042 587 ὄντα
1067 525 1125 588 καὶ
1152 518 1193 588 τὰ

137 625 332 713 γιγνόμενα,
354 624 512 712 σύμμιξίν
530 652 565 695 τε
587 624 655 696 ἀπὸ
677 626 811 696 πόντιον
831 628 1114 717 παραλαμβάνον,
1136 637 1193 700 καὶ

101 755 118 807 3
138 735 318 826 σύγκρασιν
340 738 402 830 ἀφ’
422 744 541 807 ἑαυτοῦ
561 742 616 807 ἐπὶ
636 738 748 808 πάντα
760 738 995 830 παρεχόμενον,
1016 745 1193 812 καὶταῦτα

137 849 181 917 δι’
199 848 289 918 ὅλοιν
308 856 375 918 τῶν
397 859 434 918 ὲν
453 855 561 936 ἑαυτῷ
582 848 754 938 sincipitis
775 876 809 919 τι
823 856 881 920 καὶ
897 852 1018 922 οὐσιῶν
1031 857 1089 921 καὶ
1103 862 1192 944 ὲνερ·

135 967 232 1048 γαόν
254 966 418 1032 διατεῖνον
439 964 483 1029 τὰ
504 959 675 1048 λδιιόματα,
696 967 795 1032 τοῦτο
819 961 860 1046 δὴ
875 968 944 1032 πᾶν
958 969 1105 1056 όμφντον
1120 978 1193 1044 ταῖς

100 1083 261 1164 ,ψυχαῖς
281 1073 457 1161 ἀποδοῖμεν
478 1073 598 1156 ἀληθῆ
619 1076 778 1160 λέγοντες.

230 1191 273 1254 Τό
294 1177 354 1254 οὖν
376 1184 417 1269 δὴ
445 1189 520 1276 περὶ
547 1187 614 1253 τῶν
640 1190 749 1271 μέσων
777 1190 933 1274 ὲροῦμενς
965 1187 1112 1276 ἡγοῦμαι
1131 1194 1229 1276 μὲνό

135 1295 225 1366 αὐτὰ
246 1297 331 1366 εἶναι
352 1294 525 1378 κατάδηλα
545 1298 649 1364 πᾶσιν
664 1293 732 1364 ἀπό
747 1302 813 1365 τῶν
828 1306 1086 1388 concinnem·
1109 1322 1191 1389 σνμ-

99 1436 116 1488 η
129 1413 256 1498 πληροῖ
276 1405 342 1498 γὰρ
364 1413 421 1477 καὶ
441 1412 548 1476 ταῦτα
563 1412 628 1476 τῶν
643 1403 754 1496 όνριιν
767 1407 829 1492 τὴν
844 1408 1066 1498 ἀλληλουχίαν
1081 1411 1191 1481 ἀδιαί-

132 1660 197 1720 μαι
217 1631 259 1716 δη
283 1625 403 1702 οὖντὸ
425 1636 486 1719 μὲν
508 1630 683 1717 δαιμόνιον
704 1635 813 1724 φῦλον
834 1640 870 1700 ἐν
891 1635 938 1719 τῷ
959 1637 1009 1702 ot
1035 1634 1190 1716 πληθνό·

80 1768 115 1820 12
133 1769 237 1832 μενον
263 1749 321 1814 ναὶ
348 1741 613 1832 συμμιγνύμενον
641 1743 781 1831 ἀμιγεῖς,
808 1748 865 1813 καὶ
885 1740 993 1813 τᾶλλα
1014 1743 1126 1814 πάντα
1147 1745 1190 1814 τὰ

132 1860 372 1945 καταδεέστερα
393 1853 479 1923 κατὰ
499 1849 562 1938 τὴν
583 1861 643 1925 τοῦ
663 1859 833 1944 βελτίονας
847 1859 939 1925 λδόαν
958 1856 1189 1950 προσειληφός,

132 1965 174 2038 τό
194 1969 224 2038 δ’
243 1962 289 2038 αὖ
313 1973 380 2039 τῶν
406 1965 523 2055 ἡρώων
548 1966 825 2058 προστησάμενον
852 1973 913 2056 μὲν
939 1968 1189 2062 προχειρότερον

80 2105 115 2157 ¹5
131 2077 195 2163 niv
216 2084 377 2170 διαίρεσιν
398 2084 480 2166 λέγω
502 2083 560 2146 καὶ
580 2073 621 2145 τὸ
643 2081 794 2161 πλῆθος,
822 2078 884 2164 τήν
913 2105 948 2148 τε
975 2085 1105 2162 ια’νησιν
1132 2085 1190 2149 καὶ

129 2191 194 2276 τὴν
216 2190 370 2280 σύμμιξιν
390 2195 447 2259 καὶ
468 2186 511 2258 τὰ
533 2194 675 2276 συγγενῆ
687 2188 825 2271 τούτοις,
846 2188 983 2260 ἄνωθεν
1004 2191 1034 2259 δ’
1050 2200 1189 2277 ἐφεστη-

129 2304 215 2372 κότα
236 2309 292 2373 καὶ
316 2302 388 2373 οἷον
411 2300 687 2390 ἀποκρυπτόμενα
702 2309 748 2382 etc
761 2299 800 2371 τό
815 2307 878 2370 ὅσα
893 2300 935 2371 τό
949 2306 1108 2388 βελτίονα
1122 2329 1187 2373 πα-

82 2434 113 2488 18
130 2413 367 2504 ραδεχόμενον,
397 2418 513 2483 ἕνωσίν
535 2438 622 2503 φημι
642 2417 698 2481 καὶ
720 2412 944 2503 καθαρότητα
964 2420 1022 2484 καὶ
1042 2410 1104 2498 τὴν
1124 2415 1187 2503 μό·

202 2597 228 2647 2.
246 2593 394 2664 γιγνόμενα]
403 2593 440 2646 sic
448 2577 616 2662 Αὖινόμενα
625 2593 658 2646 Ο.
670 2585 683 2661 ΙΙ
695 2592 950 2666 παραλαμβάνοντες
959 2593 991 2646 B.
1036 2595 1062 2648 8.
1075 2596 1100 2648 9.
1119 2613 1186 2664 σνμ·

201 2678 307 2752 πληροῖ]
325 2680 361 2734 ιίε
380 2681 436 2735 ΑΙ).
459 2683 504 2732 καὶ
520 2682 672 2750 συμπληροῖ
695 2680 729 2734 0.
801 2681 826 2732 9.
854 2678 1085 2747 cameliacinse
1105 2680 1186 2734 ᾸΟῙ).

205 2768 247 2820 11.
277 2769 354 2839 φίλον
372 2767 454 2820 ACD.
544 2766 585 2818 13.
614 2761 802 2835 προσειληφὸς]
821 2764 856 2817 εἰσ
876 2764 928 2828 AC,
952 2764 1135 2838 προσειληφός
1152 2768 1187 2820 0.

205 2855 247 2906 10.
275 2852 444 2922 nvyymtl).
518 2853 559 2906 17.
587 2847 648 2918 icc]
667 2855 728 2905 sino
752 2856 783 2903 Α.

129 3040 186 3086 tum
203 3031 330 3106 ingenitis
348 3030 525 3106 iungentes,
542 3025 742 3103 miscellamque
754 3027 787 3083 sb
799 3029 923 3085 omnibns
935 3028 1084 3097 admittere,
1103 3031 1186 3085 omni·

128 3116 233 3193 basque
250 3118 372 3173 vicissim
389 3116 425 3173 de
434 3137 465 3173 se
478 3115 750 3192 contemperationem
761 3112 861 3191 largiri,
879 3114 1030 3191 deindeque
1040 3115 1107 3172 hoec
1118 3114 1186 3171 idio·

129 3213 199 3260 meta
216 3199 362 3259 extendere
378 3222 430 3280 per
447 3220 540 3257 omnes
558 3202 587 3257 in
605 3220 636 3257 se
654 3209 803 3279 potestates
821 3211 849 3258 et
865 3203 997 3259 essentias
1014 3211 1043 3258 et
1054 3203 1186 3278 operatio·

129 3308 189 3356 nes,
206 3287 259 3346 loc
276 3297 410 3365 tamqnam
428 3287 566 3346 animabus
583 3288 724 3366 proprium
741 3296 771 3343 et
791 3287 912 3346 naturale
928 3287 1111 3353 attribuimus,
1134 3307 1184 3343 nec

128 3377 189 3431 sine
199 3377 325 3432 scritate.

198 3460 274 3536 Qnid
292 3463 373 3538 igitur
391 3461 425 3518 de
442 3462 538 3517 mediis
557 3460 693 3517 dicemus?
719 3462 816 3537 opinor
833 3458 879 3516 illa
898 3463 965 3517 satis
983 3458 1106 3516 omnibus
1124 3479 1184 3516 esse
1202 3452 1222 3510 6

127 3549 271 3625 persplcm
294 3569 328 3605 ex
350 3549 385 3604 iis
407 3568 475 3623 qnae
495 3545 647 3612 attulimns3
670 3543 806 3622 complent
828 3547 899 3602 enim
921 3555 1100 3609 extremorum
1120 3545 1184 3604 lrinc

127 3631 192 3689 inde
213 3632 376 3691 indivulsam
398 3654 477 3710 quam
501 3633 618 3691 diximus
642 3632 844 3689 connexionem
872 3631 1046 3690 nihilominus
1069 3631 1184 3690 ethaeo

127 3738 251 3776 sermone
268 3739 462 3798 percurramus.
508 3739 579 3796 pono
602 3719 683 3794 igitur
701 3715 858 3773 daemonnm
874 3725 980 3792 gentem
1002 3717 1183 3796 multiplicari,

126 3804 177 3862 sed
193 3807 277 3873 unite,
295 3815 323 3862 st
341 3807 457 3872 misceri,
476 3804 526 3861 sed
543 3805 716 3884 impermiste,
735 3812 764 3858 et
779 3801 905 3859 inferiora
923 3813 1012 3861 cetera
1023 3807 1111 3862 omnia
1123 3825 1185 3862 con·

126 3893 212 3949 tinere
230 3893 259 3947 in
276 3912 307 3949 se
325 3892 376 3949 sub
395 3891 455 3948 ides
475 3890 602 3948 melioris
631 3898 724 3947 contra
745 3886 883 3947 heroicum
904 3908 987 3966 genus
1010 3888 1082 3947 foras
1104 3901 1133 3948 et
1155 3893 1183 3948 in

125 3976 266 4056 publicum
284 3979 393 4056 quidem
410 3977 553 4056 profitetur
570 3974 782 4033 divisibilitatern
792 3984 820 4032 et
830 3973 1064 4054 multiplicitatem,
1082 3987 1183 4033 motum

127 4084 235 4141 qnoque
251 4075 281 4120 et
297 4067 451 4121 mistionem
468 4070 496 4118 et
513 4071 600 4118 cetera
619 4080 688 4137 qnae
704 4059 749 4118 his
767 4073 829 4119 snnt
847 4061 944 4133 affinia,
970 4067 1077 4121 interim
1094 4073 1182 4119 tamen

126 4151 224 4229 recipit
242 4151 358 4230 desuper
375 4150 446 4209 dona
464 4146 510 4204 illa
528 4148 670 4205 eminentis
688 4149 887 4227 introrsumque
905 4170 1033 4207 conversa
1050 4149 1181 4218 recondit,

126 4237 256 4292 unitatem
274 4236 335 4295 dico
353 4248 381 4293 et
397 4238 541 4315 puritatem
559 4247 587 4294 et
604 4234 777 4294 stabilitatem
794 4247 903 4306 naturae
919 4247 948 4293 et
960 4237 1125 4294 identitatem
1143 4237 1183 4293 in·

980 4343 1015 4398 2*
