2776 4876
231 374 298 416 nu
615 359 760 439 Porphyrii
777 359 899 438 epistole.

173 525 181 540 ⁸
232 529 303 597 κοῖς
324 516 467 609 φέρεται,
489 522 545 585 καὶ
565 522 747 607 θεραπεῖαι
760 523 889 586 παθῶν
908 524 966 586 καὶ
979 518 1143 587 ἀνατολαὶ
1157 521 1214 584 καὶ
1229 515 1286 586 δύ-

176 638 216 700 37
234 653 300 709 σεις
314 634 369 696 καὶ
383 628 570 715 μελλόντων
584 628 785 716 σημειώσεις.
824 628 911 717 ἑώρα
924 626 988 717 γὰρ
1004 628 1081 709 τοὺς
1095 627 1154 698 τάν
1162 627 1286 707 Ἥλιον

231 739 432 828 ὃημιονργόν
455 747 639 833 φαμένοις,
668 746 724 808 καὶ
752 739 795 810 rol
817 746 889 830 cept
918 740 978 810 τὸν
994 739 1121 831 ’Όσιριν
1146 746 1203 809 καὶ
1223 736 1318 823 salut

226 847 309 923 Ἷσιν
330 859 387 921 καὶ
409 853 538 932 πάντας
559 849 637 933 τοὺς
656 853 839 942 ἱερατικοάς
860 851 992 940 μύθους
1013 849 1036 934 ἢ
1059 859 1104 932 ελς
1124 848 1202 932 roric
1223 852 1285 920 ἀσ-

231 972 328 1054 τέρας
350 971 406 1032 καὶ
429 962 489 1044 τάς
511 963 637 1033 τούτων
659 962 796 1058 φάνσεις
819 970 874 1032 καὶ
896 963 1031 1057 κρύψεις
1052 969 1109 1032 καὶ
1131 961 1286 1043 λιτιτολάς

229 1080 472 1163 έλιττομένονς,
501 1071 524 1158 ἢ
545 1084 590 1154 εὶς
611 1074 672 1154 τάς
694 1083 752 1160 τῆς
775 1076 913 1160 σελήνης
935 1075 1087 1159 αὐξήσεις
1109 1081 1168 1143 καὶΙ
1186 1073 1284 1162 μειω-
1301 1099 1329 1172 e·

231 1212 298 1267 σεις
327 1185 349 1270 ἢ
379 1197 424 1267 εὶς
445 1185 507 1270 τὴν
527 1191 588 1255 τοῦ
614 1188 710 1270 ἡλίον
736 1195 888 1276 πορείαν,
917 1184 939 1270 ἢ
966 1185 1006 1255 τό
1034 1213 1070 1273 γε
1098 1183 1286 1277 νυκτερινὸν

231 1301 451 1392 ἡμισφαίριον
473 1297 495 1382 ἢ
519 1296 557 1365 τὸ
579 1297 746 1389 ἡμερινόν,
766 1299 789 1382 ἢ
811 1300 921 1384 τόνγε
939 1298 1107 1385 ποταμόν·
1130 1299 1285 1378 καὶὸλως

228 1410 340 1479 πάντα
362 1418 407 1490 εὶς
429 1409 471 1478 τά
494 1409 626 1502 φυσικά,
649 1416 705 1478 καὶ
727 1411 821 1480 οὐδὲν
836 1419 882 1489 εὶς
896 1409 1093 1498 ἀσωμάτους
1107 1416 1163 1478 καὶ
1177 1409 1285 1492 ζώσας
1301 1429 1318 1481 t

172 1526 212 1587 38
233 1522 350 1601 οὐσίας
372 1521 620 1612 ἑρμηνεύοντας.
659 1515 705 1588 ὧν
727 1529 759 1589 οἱ
780 1526 912 1602 πλείους
932 1528 988 1590 καὶ
1010 1521 1050 1590 τὸ
1073 1523 1127 1616 ἐφ’
1145 1523 1228 1608 ἡμῖν
1249 1531 1284 1590 λιι

230 1638 290 1715 τῆς
312 1639 376 1700 τῶν
391 1633 538 1723 ἀστέρων
553 1634 692 1725 ἀνῆψαν
707 1632 871 1715 κινήσεως,
894 1635 953 1702 οὐκ
968 1632 1030 1702 οἷδ’
1046 1634 1283 1719 ὅντωςδεσμοῖς

228 1744 361 1822 ἀλύτοις
382 1743 536 1831 ἀνάγκης,
558 1742 601 1827 ἣν
623 1750 821 1834 εἱμαρμένην
843 1750 981 1831 λέγουσι,
1004 1747 1114 1825 τιάντα
1135 1744 1334 1828 auraici-12

229 1879 346 1935 σαντες
366 1861 423 1924 καὶ
443 1855 555 1924 πάντα
578 1856 707 1936 τούτοις
728 1856 921 1948 ἀνάψαντες
944 1869 1013 1936 τοῖς
1036 1863 1139 1937 θεοῖς,
1162 1854 1221 1936 οὓς
1237 1857 1282 1936 ὡς

229 1970 371 2056 λοτῆρας
392 1974 451 2056 τῆς
473 1975 670 2059 εἱμαρμένης
691 1967 814 2056 μόνονς
835 1974 871 2037 έν
892 1994 927 2036 τι
949 1975 1050 2058 ἱεροῖς
1071 1974 1127 2036 καὶ
1149 1966 1282 2048 ξοάνοις

229 2082 285 2146 καὶ
306 2092 377 2158 τοῖς
398 2077 512 2158 ἀλλοις
534 2079 768 2166 θεραπεύουσι.
1067 2140 1068 2145 ,
1240 2149 1243 2157 ,
1300 2105 1334 2156 1⁶

170 2195 211 2254 39
317 2196 405 2281 Περὶ
434 2194 468 2258 δὲ
497 2195 557 2260 τοῦ
584 2195 670 2259 tileo
698 2195 858 2278 ὃαλμονος
885 2195 1054 2274 ζητητέον,
1082 2196 1151 2271 πῶς
1178 2191 1281 2281 prat

229 2301 462 2384 οἰκοδεσπότης
490 2299 593 2369 αὐτὸν
623 2306 752 2387 δλὸωσις
781 2302 1023 2371 cavernati
1051 2307 1107 2371 καὶ
1121 2299 1282 2386 -ττοίανῆ

299 2451 323 2502 3.
350 2451 386 2503 τὰ
405 2470 455 2502 orn.
476 2452 547 2503 Gale.
673 2452 699 2503 4.
725 2448 759 2520 ἢ]
778 2454 823 2504 καὶ
841 2451 913 2503 Gale.
1042 2452 1067 2503 5.
1097 2452 1190 2521 φάσεις
1208 2453 1280 2507 Gale.

298 2539 340 2589 12.
363 2532 468 2607 ἀνάγκη
487 2538 579 2589 Euseb.
688 2539 729 2591 1³.
757 2534 803 2598 οὓς
821 2535 869 2603 ὡς]
890 2533 958 2590 οὕτω
977 2537 1069 2588 Euceb.

226 2653 332 2707 Fontes:
370 2653 394 2721 ξ.
407 2652 450 2706 39.
478 2656 572 2707 Jambl.
590 2655 615 2719 9,
634 2657 650 2708 2
669 2670 693 2707 et
711 2658 736 2706 3.

227 2793 341 2851 qnorum
358 2779 465 2833 uomina
483 2788 510 2833 et
527 2778 740 2857 procurationes,
759 2785 888 2851 ortusque
907 2774 987 2831 simul
1000 2786 1028 2832 et
1039 2796 1161 2844 occasus,
1180 2775 1282 2832 firturo·

170 2856 209 2916 37
227 2881 338 2936 rumque
357 2862 564 2938 significationes
576 2866 604 2919 in
616 2860 824 2918 Almoniclriacis
837 2864 1013 2919 continentur.
1060 2865 1160 2940 quippe
1171 2861 1281 2918 videbat

227 2950 299 3003 enim
318 2950 364 3023 qni
383 2947 468 3004 solem
486 2952 605 3007 universi
622 2948 797 3006 architectum
816 2969 877 3005 esse
895 2948 1027 3018 dicerent,
1052 2948 1085 3003 ab
1103 2946 1159 3003 illis
1176 2967 1232 3003 non
1250 2969 1280 3004 ea

226 3043 329 3089 tantum
347 3054 415 3109 quae
434 3034 468 3089 ad
487 3035 625 3092 Osiridem
642 3034 798 3112 Jsidemque
815 3038 964 3112 pertinent,
987 3035 1036 3091 sed
1055 3037 1134 3091 etiarn
1153 3033 1282 3111 quioquid

226 3140 361 3177 sacrarum
379 3119 526 3177 fabularum
544 3133 609 3190 erat,
627 3123 727 3197 partim
745 3124 772 3177 in
791 3120 884 3177 stelles
903 3132 930 3177 et
948 3141 1038 3177 earum
1057 3130 1219 3198 conspectus
1238 3140 1282 3177 oe-

227 3206 386 3263 cultationes
410 3222 591 3285 occursusque
614 3206 735 3277 devolvi,
759 3211 857 3286 partim
880 3210 907 3263 in
931 3207 1010 3264 lunae
1030 3208 1111 3264 morlo
1135 3209 1281 3264 crescentis

226 3295 307 3351 morlo
326 3296 492 3350 senescentis
510 3297 673 3362 varietatem,
692 3297 790 3372 partim
808 3297 836 3350 in
854 3293 921 3350 solis
940 3314 1055 3360 cursum,
1073 3293 1118 3349 vel
1136 3296 1282 3349 innoctnr-

224 3400 289 3436 num
307 3380 352 3438 vel
368 3383 398 3436 in
416 3379 541 3436 diurnum
558 3379 795 3459 hemisphaerium,
819 3379 863 3437 vel
881 3383 909 3437 in
927 3383 1016 3460 ipsum
1038 3380 1161 3448 iluvinm3
1185 3390 1281 3436 cuncta

225 3466 342 3543 denique
359 3469 387 3522 in
405 3485 449 3522 res
461 3465 603 3535 naturales,
624 3466 691 3523 nihil
703 3470 731 3523 in
744 3487 873 3545 corporea
885 3467 956 3523 mole
969 3478 1090 3524 carentes
1105 3470 1282 3544 viventesque

168 3555 208 3615 38
226 3561 335 3606 naturas
354 3554 475 3629 ipsorum
498 3554 719 3630 interpretatione
743 3555 867 3610 conferri.
912 3564 992 3630 atque
1009 3553 1203 3631 Aegyptiorum
1224 3553 1282 3632 ple·

226 3639 304 3713 rique
322 3634 350 3691 id
368 3638 441 3714 qnod
458 3641 488 3694 in
506 3650 598 3695 nostra
621 3640 759 3698 voluntate
777 3651 804 3696 et
827 3651 961 3719 potestate
978 3643 1097 3718 positum
1116 3650 1172 3708 est,
1195 3648 1229 3696 'ex
1246 3641 1281 3694 si·

218 3722 321 3778 -derum
342 3734 416 3779 motu
439 3745 598 3804 suspensum
621 3749 682 3785 esse
704 3726 859 3796 voluerunt,
884 3737 979 3783 cuncta
1002 3728 1184 3794 necessitatis,
1208 3725 1281 3802 quod

227 3807 309 3864 iatum
333 3809 481 3886 appellant,
510 3815 563 3868 sic
577 3824 703 3891 tanquam
724 3813 960 3893 inexplicabilibus
984 3813 1142 3890 quibusdem
1165 3811 1281 3869 vinculis

227 3896 391 3970 nescioquo
414 3907 493 3973 pacto
517 3904 736 3978 constringentes.
783 3901 833 3958 sed
855 3912 882 3957 et
905 3903 972 3980 ipsis
996 3920 1102 3977 quoque
1124 3899 1177 3955 diis
1200 3897 1289 3956 iatum

227 3990 380 4048 annectunt,
399 4001 468 4057 quos
486 3985 593 4052 interim
610 3990 649 4043 uti
666 3988 714 4044 suti
732 3987 807 4044 solos
825 3988 947 4045 vindices
965 3991 994 4043 in
1012 3985 1120 4064 templis
1139 3989 1167 4040 in
1185 3988 1282 4042 statuis

227 4069 339 4144 aliisque
357 4068 489 4124 eiusmodi
510 4081 677 4128 venerantur.

169 4153 209 4214 39
296 4156 339 4211 De
363 4158 475 4235 proprio
498 4155 627 4211 daemone
650 4178 761 4233 quaero,
784 4160 918 4236 quomodo
943 4159 1183 4216 domus-dominns
1206 4159 1281 4216 illum

226 4241 368 4318 largiatur?
387 4247 469 4302 'iuxta
488 4264 567 4320 qnem
587 4253 614 4300 et
631 4242 737 4320 qualem
760 4245 888 4304 inllnxum
907 4248 1053 4303 nutritam
1071 4257 1115 4304 aut
1133 4249 1281 4325 potentium
