2776 4876
105 325 174 390 3,31
1116 329 1167 383 1⁷7

105 503 190 566 μασι
212 475 446 558 συνάπτονται,
474 476 696 567 πληροάμενοί
718 504 752 546 τε
775 479 833 546 ἀπ’
853 480 962 548 αὐτῶν
990 485 1050 564 τῆς
1071 489 1166 550 κακί-

108 615 189 675 στης
211 593 383 668 ἐπιπνοίας
404 593 547 678 πονηροί
567 615 602 658 τε
617 595 673 658 καὶ
688 589 819 659 ἀνόσιοι
832 597 1011 679 γίγνονται,
1034 592 1165 675 ἡδονῶν

74 718 88 771 ³
107 707 168 792 μὲν
190 699 384 770 ἀκολάστων
404 698 547 791 πλήρεις,
567 706 684 781 κακίας
706 705 741 771 δὲ
764 701 953 790 ἀνάμεστοι,
976 704 1108 791 τρόπων
1131 732 1165 773 τε

108 815 292 904 ἀλλοτρίων
316 825 386 892 τοῖς
409 816 505 893 θεοῖς
527 815 677 896 ζηλωταί,
700 818 757 882 καὶ
771 811 810 882 τό
826 812 906 882 ὅλον
921 814 1037 906 φάναι,
1059 842 1165 906 παρα

108 925 243 1008 πλήσιοι
263 935 334 1004 τοῖς
355 932 514 1013 πονηροῖς
536 928 672 1012 δαίμοσι
696 923 892 1012 γιγνόμενοι,
914 925 995 1013 μεθ’
1015 918 1061 995 όν
1084 951 1166 1015 σνμ·

75 1057 91 1108 6
110 1036 261 1130 φύονται.

203 1139 304 1216 Οὗτοι
326 1143 367 1229 δὴ
391 1139 451 1215 οὖν
472 1149 599 1215 παθεῖν
620 1152 735 1234 μεστοὶ
758 1152 814 1215 καὶ
835 1149 952 1226 κακίας
966 1146 1168 1237 ὑπάρχοντες

112 1256 167 1327 διά
190 1265 380 1347 συγγένειαν
402 1263 532 1327 ἕλκουσι
553 1256 595 1327 τά
617 1255 748 1351 πονηρά
771 1267 816 1338 είς
830 1255 967 1338 ἑαυτοὺς
987 1258 1167 1347 πνεύματα,

77 1387 93 1438 9
111 1375 168 1439 καὶ
189 1369 285 1440 αὐτοὶ
306 1366 391 1460 πρὸς
412 1374 532 1438 κακίαν
554 1373 668 1440 πάσαν
681 1369 738 1437 ὑπ’
757 1369 866 1437 αὐτῶν
880 1375 1070 1459 ἐγείρονται,
1092 1394 1168 1440 συν-

112 1479 272 1563 αύξονταί
293 1507 329 1549 τε
349 1480 406 1549 ὑπ’
426 1478 579 1563 ἀλλήλων
602 1479 714 1561 οὕτως,
737 1478 896 1570 καθάπερ
912 1507 961 1561 τις
975 1480 1092 1562 κύκλος
1107 1482 1167 1574 ἀρ-

108 1588 174 1680 χὴν
195 1595 326 1684 τελευτῇ
348 1592 523 1660 συνάπτων
544 1597 600 1661 καὶ
622 1589 865 1671 ἀνταποδιδοὺς
886 1588 948 1674 τὴν
969 1593 1045 1676 ίσην
1068 1594 1169 1678 ἀμοι·

60 1719 95 1770 12
112 1699 179 1791 βῆν
200 1701 363 1783 ὡσαύτως.
409 1700 432 1770 ἀ
455 1707 567 1772 τοίνυν
594 1708 654 1785 τῆς
682 1705 917 1793 ἀνοσιουργίας
945 1708 1035 1771 ἐστὶν
1063 1704 1171 1790 ἀσεβῆ

112 1818 314 1901 πταίσματα,
337 1812 486 1893 ἀτάκτως
506 1819 567 1902 μὲν
590 1809 676 1882 αάτά
697 1812 955 1907 προσφερόμενα
977 1823 1048 1891 τοῖς
1070 1820 1172 1905 ἱεροῖς

113 1929 228 2015 ἔργοις,
250 1924 400 2004 ἀτάκτως
430 1929 464 1993 δὲ
487 1921 672 2013 πειρώμενα
693 1928 754 1992 καί
776 1920 842 1992 ὑπό
865 1927 931 1992 τῶν
953 1923 1170 2006 ἐπεισιόντων,

61 2059 96 2109 15
112 2040 170 2102 καὶ
191 2040 270 2103 ποτὲ
291 2042 361 2123 μέν,
384 2036 428 2115 ὡς
443 2038 539 2116 δοκεῖ,
563 2034 648 2104 θεὸν
663 2031 768 2104 ἀλλον
782 2034 866 2102 ἀνθ’
882 2041 994 2121 ἐτέρου
1009 2041 1171 2104 ποιοῦντα

113 2144 334 2232 ἐπικωμάζων,
347 2150 427 2214 ποτὲ
442 2145 472 2213 δ’
488 2139 533 2213 αὖ
548 2149 712 2232 δαίμονας
726 2170 853 2233 πονηρο

114 2261 328 2346 είσκρίνοντα,
351 2252 408 2335 οὓς
430 2253 471 2338 δὴ
493 2261 550 2325 καὶ
564 2260 722 2325 καλοῦσιν
740 2255 927 2336 ἀντιθέους,
949 2261 1055 2324 ταῦτα
1070 2259 1172 2344 μηδέ-

61 2386 97 2439 18
112 2392 193 2436 ποτε
222 2375 258 2436 ἐν
285 2365 374 2453 λόγῳ
396 2371 443 2451 τῷ
471 2372 546 2458 περὶ
574 2373 634 2450 τῆς
662 2369 826 2456 ίερατικῆς
854 2371 1012 2453 μαντείας
1040 2371 1170 2436 τίθεσο.

183 2688 210 2740 4.
237 2687 352 2756 ζηλωτάς
371 2687 402 2741 Β.
475 2689 516 2742 14.
545 2683 667 2742 ἀτάκτων
685 2690 713 2742 oa
730 2688 762 2738 D.
785 2681 798 2756 ΙΙ
818 2684 872 2739 sinai
891 2706 942 2738 orn.
964 2687 1020 2739 ΑΙ).
1042 2682 1055 2756 ΙΙ
1076 2682 1173 2742 ἀπεισ-

185 2771 276 2828 ιόντων
288 2773 319 2826 C.
392 2775 434 2828 16.
458 2770 624 2844 ίτιικομάζειν
636 2775 670 2828 1).
682 2767 696 2842 ΙΙ
708 2771 789 2840 ποτὶ]
802 2774 864 2826 τοτί
876 2771 954 2825 ΛΟΙ).
1011 2775 1053 2827 17.
1071 2771 1173 2841 ταῦτα]

188 2857 278 2914 ταῦτα
295 2861 323 2913 δὲ
341 2860 406 2913 Gale
423 2874 475 2912 not.

116 3154 153 3208 ita
171 3151 248 3209 malis
267 3163 295 3210 et
314 3155 426 3232 impuris
448 3151 592 3212 familiares
615 3151 744 3223 evadunt,
769 3174 882 3231 quorum
903 3152 969 3210 flatu
992 3172 1104 3231 prorsus
1127 3153 1175 3208 im-

115 3237 224 3316 plentur
246 3240 379 3317 pessimo,
403 3242 573 3319 improbique
596 3240 664 3296 fiunt
686 3249 715 3295 et
739 3241 829 3317 impii,
852 3239 1037 3316 voluptatibus
1063 3237 1175 3295 lascivis

117 3326 245 3402 omnique
264 3325 364 3382 malitia
383 3326 483 3396 referti,
507 3325 606 3383 studiis
624 3324 709 3381 dediti
727 3345 742 3381 a
761 3325 814 3381 (liis
832 3327 945 3403 penitus·
959 3316 1173 3391 abhorrentibus,

115 3421 144 3467 et
161 3421 191 3468 nt
208 3411 354 3481 absolvam,
373 3411 504 3469 simillimi
522 3411 639 3470 evadunt
658 3410 832 3468 daemonibus
850 3410 949 3488 quibus
967 3407 1120 3465 adhaerent.

186 3496 221 3553 Hi
240 3500 322 3574 igitur
339 3498 512 3575 passionibus
531 3509 559 3555 et
574 3499 709 3576 pravitate
725 3497 801 3576 pleni
819 3518 869 3574 per
887 3499 974 3574 ipsam
992 3497 1176 3570 cognationem

115 3582 202 3640 malos
221 3581 254 3638 sd
273 3603 303 3639 se
320 3581 456 3639 attrahunt
473 3586 594 3662 spiritus,
612 3605 627 3639 a
647 3583 744 3660 quibus
763 3602 826 3639 mox
838 3582 873 3638 ad
885 3601 991 3638 omnem
1008 3582 1177 3658 iniquitatem

115 3665 301 3747 impelluntur,
320 3667 451 3744 alterique
469 3667 569 3725 alteros
588 3688 618 3725 se
635 3679 727 3725 mutuo
746 3668 880 3736 adiuvant,
904 3669 974 3723 sicut
992 3666 1109 3725 circulus
1127 3667 1177 3724 fini

115 3754 278 3832 principium
297 3762 424 3830 coaptans
442 3752 613 3829 reddensque
631 3753 769 3830 aequalem
792 3753 886 3809 eodem
909 3763 989 3830 paeto
1011 3752 1177 3810 vicissitudi-

115 3861 184 3897 nem.
231 3860 300 3916 quae
318 3840 399 3914 igitur
416 3840 499 3916 impie
515 3839 585 3896 liunt
602 3848 769 3916 pensantque
786 3847 880 3894 eontra
894 3838 1057 3914 religionem,
1076 3859 1137 3895 oum
1149 3848 1177 3894 et

116 3929 175 4005 ipsa
194 3936 287 3983 contra
306 3927 374 3981 ritus
393 3923 538 3980 afferantur
554 3925 583 3979 in
601 3925 687 3979 saeris
706 3924 846 4000 operibns,
871 3935 899 3980 et
920 3927 974 4003 ipsi
999 3926 1045 4002 qui
1063 3925 1177 3981 afferunt

116 4023 210 4071 eontra
228 4014 296 4068 ritus
316 4009 489 4086 delinquunt,
514 4009 646 4086 deumque
663 4018 694 4064 ut
711 4008 818 4065 videtur
835 4009 917 4067 alium
932 4031 983 4089 pro
1007 4011 1059 4068 alio
1077 4009 1178 4066 faciunt

116 4099 220 4164 adesse,
239 4117 387 4174 rursusque
404 4115 455 4174 pro
468 4095 521 4152 diis
534 4094 676 4151 daemonas
689 4094 826 4172 improbos
838 4097 983 4167 insinuant,
1003 4115 1071 4174 qnos
1088 4095 1177 4151 solent

115 4187 169 4263 ipsi
180 4205 278 4244 vocare
290 4182 434 4250 antitheos,
448 4184 501 4239 ista
513 4201 578 4237 sane
591 4200 724 4257 nunqnam
736 4201 821 4259 pones
833 4184 862 4239 in
874 4202 999 4247 sermone
1013 4183 1058 4258 qui
1072 4184 1176 4257 quaerit

978 4292 1013 4342 12
