2776 4876
416 361 468 419 Tb.
487 361 566 418 Galei
583 373 746 440 conspectus
764 365 848 419 totius
867 365 965 440 operis.
1162 377 1216 418 ιιιι

160 544 175 576 a
194 541 309 598 corpore
328 520 393 576 alias
411 532 441 577 ut
459 541 573 598 corpore
586 523 711 578 devincti.
757 540 806 599 pro
820 519 920 598 duplici
933 520 986 577 boc
998 532 1069 578 statu
1082 523 1216 600 duplicem

159 636 267 692 quoque
285 636 347 672 esse
365 615 558 673 sacrificiorum
576 619 657 672 ritum
674 614 837 672 materialem
855 625 882 671 et
897 636 1001 693 purum.
1047 618 1170 674 civitates
1189 620 1216 673 in

158 710 403 786 moerogenesibus.
458 711 590 767 sacrificia
617 710 766 767 conditioni
793 711 1001 766 sacrificantium
1028 708 1127 768 debent
1156 731 1217 768 oon·

159 807 260 860 venire.

232 903 274 955 16.
294 897 347 955 ..ln
364 901 398 954 iis
416 900 558 956 sacrifieiis
576 920 644 975 quae
661 899 772 956 lauimus
790 919 841 976 pro
860 903 982 978 corporis
1000 900 1072 956 bono
1091 910 1119 955 et
1130 898 1217 955 salute

160 1003 268 1071 oportet
287 992 388 1050 cultum
406 1015 467 1051 esse
485 1015 651 1072 corporeum.

232 1092 273 1144 17.
310 1089 336 1145 A
354 1089 406 1145 diis
425 1109 537 1166 prorsus
556 1088 775 1145 immaterialibus
793 1088 891 1145 lrustra
907 1089 979 1144 bona
998 1091 1120 1167 corporis
1139 1110 1217 1167 expe·

160 1181 269 1248 utenda,
292 1185 344 1238 nisi
363 1183 429 1239 deos
447 1182 598 1240 materiales
617 1203 762 1259 eorumque
780 1204 873 1239 omnes
890 1185 1024 1261 potentias
1048 1185 1076 1239 in
1099 1203 1128 1239 se
1147 1203 1217 1239 com·
1300 1236 1310 1257 s

159 1274 329 1352 plectuntur3
347 1298 402 1333 non
420 1281 553 1355 attingunt
571 1278 699 1335 humanae
716 1281 788 1334 vitae
805 1280 910 1355 negotia
924 1281 982 1334 sine
995 1278 1091 1334 medio.
1129 1277 1216 1334 cultus

160 1389 306 1448 corporeus
324 1372 540 1428 accommodatur
559 1372 611 1428 diis
631 1374 676 1448 qui
693 1375 816 1450 proxime
834 1382 935 1429 curant.

235 1468 274 1521 18.
311 1465 430 1522 Humana
449 1469 504 1522 vita
523 1466 629 1545 triplex.
678 1464 868 1522 intellectualis
893 1467 1020 1523 naturalis
1042 1467 1130 1523 media
1147 1468 1218 1522 inter

160 1570 312 1636 utramqua;
331 1560 374 1617 his
393 1583 458 1617 suus
477 1581 614 1618 sacromm
632 1563 701 1617 ritus
719 1559 873 1637 respondet.

236 1658 276 1710 19.
313 1655 429 1711 Divinae
448 1658 579 1712 essentiae
598 1667 625 1711 et
642 1658 779 1733 potentiae
797 1653 932 1732 triplices3
959 1655 1002 1712 vel
1027 1658 1097 1711 enim
1116 1657 1218 1711 animae

162 1759 191 1805 et
209 1759 317 1806 naturae
336 1753 479 1828 imperaut;
503 1750 547 1807 vel
565 1751 599 1806 ab
618 1752 704 1806 anima
723 1760 750 1805 et
767 1760 859 1805 natura
878 1770 990 1827 prorsus
1015 1749 1217 1817 abstrahuntur;

161 1842 206 1899 vel
222 1844 311 1901 medlo
330 1866 360 1901 se
378 1846 459 1902 modo
477 1845 588 1901 babent:
612 1844 655 1900 bis
673 1846 799 1922 proprius
818 1845 975 1902 tribuendus
1000 1856 1043 1902 est
1061 1844 1148 1901 eultns
1167 1865 1217 1923 pro

161 1958 209 1993 sua
228 1942 357 2016 cuiusque
375 1941 511 2014 dignitate.

234 2041 277 2092 20.
315 2035 455 2110 Quatenus
473 2037 501 2090 in
520 2035 572 2090 boe
589 2054 872 2111 eorporeversamur,
896 2034 970 2111 quod
992 2034 1101 2110 quidem
1126 2033 1218 2090 muudi

162 2132 286 2207 corporei
305 2150 368 2208 pars
387 2140 437 2198 est,
461 2139 569 2207 oportet
586 2149 636 2184 nos
653 2149 709 2185 non
728 2130 852 2185 affectare
874 2130 955 2185 ritum
974 2131 1001 2184 in
1024 2131 1108 2185 saeris
1127 2127 1218 2184 eondi-

161 2224 264 2280 ditione
282 2234 373 2280 nostra
391 2223 581 2280 sublimiorem

234 2321 277 2374 21.
314 2317 452 2374 Sacrificia
476 2328 584 2395 oportet
605 2339 665 2374 esse
690 2318 742 2374 diis
766 2321 847 2396 paria.
901 2318 939 2374 dii
962 2320 1067 2394 quoties
1090 2328 1219 2396 apparent

164 2433 258 2490 magno
276 2415 419 2491 spirituum
437 2432 547 2468 numero
566 2415 713 2489 stipantum
731 2411 774 2467 bis
788 2413 911 2469 omnibus
925 2412 1013 2469 cultus
1026 2423 1068 2468 est
1079 2411 1218 2468 habendus

164 2509 189 2564 si
208 2507 367 2564 sacrificium
386 2510 422 2563 sit
439 2506 549 2585 plenum
567 2517 595 2563 et
611 2506 766 2585 perfeetum
812 2506 923 2564 deorum
941 2527 1080 2563 nnmerum
1091 2526 1219 2585 appareu-

163 2605 231 2660 tium
249 2601 301 2658 soli
319 2613 418 2658 norunt
435 2601 548 2678 theurgi,
568 2601 620 2658 soli
639 2601 711 2678 quod
728 2604 766 2658 sit
782 2601 930 2680 perfeetum
947 2602 1116 2658 sacrificium
1164 2621 1218 2656 nou

164 2700 223 2754 sine
240 2718 334 2774 magno
352 2696 421 2753 malo
441 2718 592 2773 quenquam
609 2696 720 2752 deorum
737 2695 926 2753 inhonoratum
944 2698 1129 2773 praetermitti.

233 2795 277 2847 22.
314 2791 528 2849 perfectissimus
547 2790 635 2847 cultus
654 2802 697 2847 est
714 2794 761 2868 qui
778 2794 807 2847 in
824 2790 872 2846 illo
885 2811 938 2846 uno
957 2811 1049 2846 omnes
1061 2789 1141 2847 simul
1153 2790 1220 2846 oolit

165 2890 295 2943 essentias
314 2885 379 2942 alias
398 2898 424 2942 et
441 2888 621 2965 principatus;
639 2889 808 2964 paucissimis
820 2886 872 2942 boo
885 2886 951 2942 dari.
998 2884 1219 2961 quemadmodum

165 2981 279 3038 mundus
297 3003 330 3039 ex
348 2980 439 3038 multis
458 2981 598 3038 ordinibus
617 2979 745 3037 coalescit
768 2984 808 3037 sio
827 2991 854 3037 et
878 2981 1038 3037 sacrificium
1060 2990 1168 3057 oportet
1186 3001 1218 3036 ex

166 3075 256 3131 multis
273 3077 394 3154 partibus
413 3087 544 3133 constare.

237 3174 279 3226 ⁶23.
316 3172 358 3227 Ex
379 3174 508 3227 varietate
531 3182 559 3228 et
576 3169 742 3250 plenitudine
765 3170 959 3227 sacrificiorum
981 3171 1053 3224 varia
1076 3167 1154 3222 nobis
1174 3168 1220 3222 ob

166 3268 276 3322 veniunt
298 3266 376 3322 bona.
432 3269 541 3322 materia
563 3265 651 3342 aliqua
674 3285 740 3342 pura
764 3275 792 3321 et
815 3265 903 3320 divina
929 3285 943 3318 a
965 3263 1100 3338 demiurgo
1122 3265 1217 3338 genita.

167 3360 219 3416 diis
237 3360 399 3438 recipiendis
422 3361 517 3417 idonea
538 3360 609 3438 ligna
632 3360 736 3439 lapides
760 3358 831 3415 olera
855 3369 981 3415 aromata.
1029 3355 1145 3413 oraculis
1163 3378 1219 3414 ere-

167 3455 283 3511 dendum
302 3456 335 3512 de
353 3458 470 3512 materia.

236 3554 279 3607 aa.
315 3552 354 3607 Ea
374 3561 521 3628 quaesunt
539 3551 589 3606 sub
607 3549 690 3607 tutela
709 3550 820 3607 alieuius
843 3548 886 3605 dei
910 3559 938 3604 et
961 3551 985 3604 ei
1006 3569 1081 3605 sacra
1105 3549 1219 3604 maxime

167 3655 240 3721 grata
257 3656 321 3702 sunt
342 3648 369 3700 in
389 3647 536 3702 sacrifieiis.
585 3648 613 3700 in
631 3645 755 3722 Aegypto
774 3664 848 3700 saera
872 3641 1003 3711 animalia,
1027 3664 1104 3701 sacer
1121 3643 1219 3718 ubique

166 3738 255 3797 bomo.

236 3842 279 3892 25.
317 3836 399 3892 Sacra
418 3854 472 3889 non
490 3844 553 3890 suut
571 3833 706 3890 bominum
725 3835 838 3888 inventa.
885 3831 950 3889 dens
963 3843 991 3887 et
1002 3831 1089 3909 angeli
1101 3832 1219 3908 gentium

165 3935 309 4010 praestitas
328 3931 426 3988 adsunt
444 3932 500 3985 suis
513 3932 604 3985 sacris.
649 3949 742 4004 magua
755 3947 817 3983 cura
830 3936 858 3982 et
870 3930 1044 3984 sanctimonia
1061 3929 1148 3982 omnia
1160 3946 1219 4003 per·

167 4029 279 4106 agenda3
299 4028 366 4085 nibil
386 4025 562 4082 omittendum
579 4023 647 4081 nihil
666 4022 780 4078 alienum
799 4021 878 4078 alicui
898 4023 949 4080 deo
968 4022 1138 4078 offerendum.

237 4130 281 4182 26.
317 4125 365 4180 De·
388 4121 525 4202 precibus;
553 4138 641 4176 earum
668 4138 727 4174 oum
753 4120 894 4175 sacrificiis
921 4116 1103 4180 necessitud03
1130 4116 1219 4169 variae

168 4223 272 4298 species
292 4232 319 4276 et
337 4221 432 4276 effecta
450 4220 523 4273 mira.
