2776 4876
212 353 266 419 9‚³
1219 366 1272 420 275

303 506 374 600 Φῂς
394 505 459 597 γὰρ
483 505 523 589 δὴ
547 509 589 587 ὡς
611 504 708 588 οὗτος
730 503 773 592 ἦν
795 506 863 600 ἄρα
892 511 1057 599 εὐδαίμων
1086 513 1178 596 ὅστις
1200 546 1267 605 μα·
1288 541 1308 601 3

212 615 288 687 θῶν
310 616 348 687 τὸ
373 623 485 706 σχῆμα
507 624 565 702 τῆς
588 620 691 688 αὑτοῦ
718 627 871 707 γενέσεως
893 619 937 688 τὰ
961 630 1142 714 εἱμαρμένα
1166 628 1268 698 ἐκθύ-

178 743 193 794 3
213 755 309 799 outre
331 727 432 816 γνοδς
452 731 513 799 τὸν
534 737 653 800 ἑαυτοῦ
675 735 836 819 δαίμονα·
866 739 939 821 ἐμοὶ
969 737 1003 802 δὲ
1026 739 1133 815 δοκεῖς
1160 744 1268 808 ταῦτα

212 843 253 910 οὐ
273 839 361 909 πάνυ
384 839 547 932 σύμφωνα
563 847 666 928 λέγειν
682 840 756 912 οὔτε
771 842 858 912 αὐτοὶ
871 840 956 932 πρὸς
970 846 1072 914 &aurai
1095 843 1170 916 οὔτε
1186 847 1270 938 πρὸς

211 949 275 1034 τὴν
297 950 482 1035 ἀλήθειαν·
513 961 540 1020 εὶ
561 958 621 1041 μὲν
643 950 708 1045 γὰρ
731 952 798 1022 tut
820 960 880 1024 τοῦ
902 955 1071 1045 σχήματος
1097 964 1157 1041 τῆς
1179 967 1268 1045 γενέ-

177 1077 301 1140 θσεως
315 1063 558 1147 εἱιιονενέμηται
579 1064 659 1151 ἡμῖν
681 1065 699 1133 ὁ
723 1069 858 1151 δαίμων,
881 1066 1039 1137 κάκεῖθεν
1054 1068 1156 1138 αὐτὸν
1172 1072 1268 1141 ἀνεν-

211 1180 379 1261 ρὶσκομεν,
408 1180 477 1251 πῶς
499 1172 542 1243 ὀὲν
564 1177 825 1263 ἀπολνσαὶμεθα
850 1175 894 1244 τοὶ
916 1185 1097 1267 εἱμαρμένα
1126 1179 1179 1248 δωὶ
1210 1188 1269 1266 τῆς

210 1284 358 1371 γνώσεως
379 1289 440 1352 τοῦ
461 1287 544 1352 καθ’
565 1294 764 1374 εἱμαρμένην
789 1289 871 1377 ἡμῖν
900 1292 1064 1370 δοθέντος
1089 1295 1266 1379 δαίμονος,

176 1417 192 1468 u
211 1405 238 1464 εἱ
260 1401 294 1466 δέ
317 1396 517 1484 ἐκθεόμεὶἱα
540 1396 643 1478 ὅντως
656 1397 700 1466 τὰ
715 1400 891 1486 ἀναγκαῖα,
914 1398 1022 1489 ὥσπερ
1039 1398 1080 1485 δὴ
1099 1399 1140 1471 σε)
1155 1407 1266 1490 λέγεις,

211 1504 267 1576 διιὶ
287 1513 347 1587 τοῦ
369 1513 537 1596 δαίμονος,
562 1514 631 1588 πῶς
653 1514 699 1578 έτι
721 1511 805 1577 καθ’
825 1517 1026 1601 εἱμαρμένην
1048 1515 1129 1602 ἡμῖν
1152 1538 1267 1602 συγκε-

210 1619 390 1709 κλήρωται,·

160 1746 194 1797 12
299 1730 455 1819 Μάχεται
486 1736 547 1817 μὲν
580 1723 640 1800 οὖν
673 1731 796 1799 οὑτωσὶ
827 1731 869 1800 τὰ
903 1741 964 1803 νῦν
997 1743 1150 1825 εἰρημένα
1184 1737 1268 1826 πρὸς

209 1841 320 1923 ἑαυτά,
341 1842 424 1933 πρὸς
446 1848 480 1912 δὲ
502 1840 563 1924 τὴν
586 1841 755 1924 ἀλήθειαν
778 1847 954 1936 διαφωνεῖ·
985 1842 1095 1927 ἐπειδὴ
1119 1847 1159 1916 οὐ
1181 1848 1267 1917 τεάν-

209 1979 272 2033 τως
287 1951 354 2021 ἀπὸ
369 1960 428 2022 τοῦ
442 1953 611 2041 σχήματος
626 1959 685 2036 τῆς
699 1957 787 2034 ἱδὶας
800 1962 955 2041 γενέσεως
969 1956 989 2024 ὁ
1006 1965 1124 2036 otuelus
1138 1958 1266 2045 ἑκάστῳ

159 2085 191 2137 15
209 2067 337 2152 δαίμων
358 2065 478 2157 ἐφήκει,
502 2065 575 2133 ἀλλ’
594 2057 637 2148 ἦν
659 2092 707 2144 τις
735 2066 839 2133 αὐτοῦ
866 2072 922 2133 καὶ
944 2070 1149 2156 πρεσβυτέρα
1180 2066 1266 2157 ἄρχε)

209 2175 338 2259 ταύτης,
361 2174 403 2260 ἢν
426 2179 580 2254 εἰσαῦθις
601 2181 743 2262 μέτιμεν.
782 2181 838 2243 καὶ
861 2174 953 2256 διότι,
976 2185 1004 2244 εἱ
1025 2176 1135 2263 μόνως
1157 2185 1266 2248 ἐντεῦ-

209 2290 275 2356 θεν
297 2293 475 2378 έθεωρεῖτο
498 2283 618 2354 κατιών
641 2285 660 2352 ὁ
684 2289 827 2373 δαίμων,
856 2286 916 2353 οὐκ
939 2282 1006 2374 ἄρα
1028 2280 1072 2368 ἦν
1101 2289 1265 2378 εὐδαίμων

281 2530 305 2580 1.
333 2524 481 2598 εὐδαίμων]
500 2530 601 2597 δαίμων
620 2528 653 2579 D.
735 2530 760 2579 2.
770 2530 795 2580 3.
823 2524 985 2592 ὲκθύσαντο]
1004 2526 1040 2579 sic
1057 2528 1157 2590 Fesch„
1182 2528 1265 2597 ἐκθη-

279 2632 355 2668 σαιτο
377 2615 471 2668 ABCD
492 2615 561 2680 Reg,
588 2612 727 2665 ἱκὶύσαιτω
746 2612 778 2664 0.
852 2615 877 2665 3.
906 2614 953 2665 τὸν
972 2634 1023 2665 om.
1042 2614 1075 2666 0.
1097 2609 1109 2683 ΙΙ
1132 2617 1211 2682 δοκῆς
1229 2616 1263 2666 D.

280 2701 305 2751 6.
332 2697 530 2769 ἇιιονενὴμηται
547 2700 581 2752 D.
665 2700 689 2749 8.
718 2702 840 2765 γενέσεως
859 2700 892 2751 Α.
980 2699 1004 2751 9.
1033 2695 1210 2771 indesinente]
1230 2701 1265 2752 sic

278 2786 349 2838 ACD
362 2786 533 2851 chch.Reg.‚
560 2784 712 2854 ἱκλιιόμεθα
731 2784 763 2835 0.
837 2786 877 2836 12.
906 2789 953 2854 μὶν
971 2805 1022 2836 om.
1035 2786 1067 2837 0.
1081 2781 1094 2854 ΙΙ
1106 2785 1212 2840 οὑτωσὶν
1230 2787 1264 2837 D·

279 2874 320 2926 13.
348 2867 572 2937 ἑαντάῙαῦτάΟ.
645 2872 687 2921 15.
715 2865 886 2939 δαιμόνωνΒ.
899 2866 912 2939 ΙΙ
925 2892 965 2931 τις
977 2893 1025 2924 orn.
1039 2872 1072 2925 0.
1146 2873 1189 2924 16.
1212 2871 1264 2943 μό-

277 2956 341 3023 νως]
360 2957 394 3009 εἰε
412 2958 492 3021 nel),
518 2955 599 3026 μόνος
618 2956 651 3009 0.
724 2957 768 3007 17.
795 2946 899 3028 ι’μᾶρα
917 2957 974 3011 ΑΙ).

277 3180 386 3236 Asseris
404 3188 491 3235 autem
510 3177 625 3254 quodie
644 3177 751 3233 demum
772 3175 836 3232 felix
858 3176 962 3234 iuturus
985 3179 1022 3232 sit
1044 3178 1090 3253 qui
1109 3197 1172 3233 suae
1193 3181 1264 3252 geni·

206 3277 281 3322 turae
299 3263 434 3321 schemate
451 3263 598 3332 intellecto,
618 3265 782 3340 cognitoque
793 3265 905 3340 proprio
918 3261 1048 3319 daemone
1059 3261 1110 3318 fata
1124 3263 1264 3320 sacrificiis

205 3351 359 3431 placaverit.
405 3351 453 3408 sed
467 3350 532 3407 haec
544 3349 610 3406 mihi
623 3347 758 3425 quidema
769 3357 797 3404 te
814 3349 939 3404 videntur
956 3351 993 3405 itu
1012 3349 1084 3406 dicta
1101 3359 1131 3404 ut
1148 3368 1198 3404 nec
1211 3349 1264 3404 sibi
1285 3367 1287 3371 ’

205 3459 255 3495 uec
273 3440 379 3495 veritati
393 3444 550 3493 consonent.
594 3437 618 3491 si
631 3437 702 3490 enim
714 3456 729 3490 a
742 3432 878 3491 schemate
891 3437 1026 3511 geniturae
1039 3433 1171 3489 tribuatur
1183 3433 1263 3490 nobis

205 3525 327 3590 daemon,
346 3533 425 3597 atque
443 3520 505 3576 inde
524 3523 612 3598 ipsum
630 3519 871 3598 deprehendamus,
890 3540 1005 3597 quonam
1022 3528 1101 3598 pacto
1120 3516 1208 3574 satalia
1226 3516 1264 3575 fu·

204 3612 306 3686 giemus
324 3627 374 3684 per
393 3607 571 3682 cognitionem
591 3604 728 3662 daemonis
740 3605 795 3662 fato
807 3607 886 3662 nobis
900 3606 1038 3662 attributi?
1060 3606 1170 3672 sivero,
1190 3604 1263 3682 quod

204 3705 234 3751 tu
253 3696 302 3761 ais,
320 3712 370 3769 per
381 3691 537 3749 daemonem
548 3690 683 3769 placamus
696 3690 803 3749 fatalem
814 3694 1011 3759 necessitatem,
1030 3690 1165 3766 quomodo
1178 3692 1262 3748 istum

203 3781 283 3837 nobis
302 3778 356 3834 sato
375 3779 519 3834 sortimur?
1138 3833 1141 3840 ,

199 3914 203 3920 .
275 3866 322 3923 Sic
341 3866 422 3941 igitur
440 3883 454 3918 a
472 3872 500 3918 te
519 3865 571 3918 ium
593 3863 665 3920 dicta
687 3871 807 3940 pugnant
829 3881 933 3928 secum,
957 3861 1006 3918 sed
1029 3872 1056 3918 et
1078 3864 1186 3918 veritati
1209 3864 1299 3941 ipsis

203 3953 384 4009 adversantur.
433 3969 494 4005 nam
512 3968 567 4004 non
585 3969 600 4003 ε
617 3947 685 4014 εοὶο,
696 3946 831 4003 schemate
849 3950 986 4024 geniturae
1009 3951 1106 4024 cuique
1122 3968 1194 4013 ,suus
1218 3947 1263 4002 ad·

180 4074 182 4079 ·
202 4041 278 4096 venit
297 4039 423 4106 daemon,
447 4034 496 4091 sed
519 4034 570 4090 alia
589 4033 669 4090 altior
687 4035 744 4098 eius
764 4035 839 4110 origo
862 4044 904 4090 est
927 4053 1006 4108 quam
1024 4033 1152 4110 deinceps
1177 4031 1261 4108 expli-

203 4146 301 4182 camus.
349 4126 414 4178 item
433 4125 457 4180 si
474 4122 538 4179 hinc
556 4121 686 4178 duntaxat
704 4118 812 4176 daretur
830 4119 943 4177 daemon
962 4123 1008 4197 qui
1028 4118 1184 4185 descendit,
1206 4137 1261 4186 non

202 4209 424 4288 tamenproinde
447 4209 512 4269 felix
531 4219 586 4276 est,
610 4209 656 4284 qui
678 4205 801 4285 genitalis
824 4207 962 4264 daemonis
986 4207 1167 4282 cognitionem
1190 4224 1261 4263 asse·

1059 4311 1111 4366 18*

502 4377 511 4408 1
