2776 4876
376 322 427 381 Tb.
448 323 525 382 Galei
544 337 706 403 conspectus
725 329 809 382 totius
827 329 925 404 operia.
1092 344 1177 385 xtvu

191 484 224 538 9.·
253 480 425 539 Providentia
443 484 555 540 deorum
572 483 655 541 nullis
672 483 742 541 locis
756 486 1000 554 circumscribitur;
1018 488 1106 542 omnia
1118 505 1178 563 per-

119 575 196 633 vadit
213 587 241 633 et
258 587 392 653 tamquam
404 577 472 633 solis
484 577 531 635 lux
542 578 638 656 replet,
657 588 738 656 prout
754 582 812 636 eius
830 601 950 657 quaeque
967 590 1032 636 sunt
1043 582 1160 658 capacia.

192 674 234 727 10.
269 671 368 728 Divina
390 692 444 728 non
462 673 662 751 distinguuntur
678 694 728 751 per
745 674 924 731 differentiam
941 674 1061 752 patibilis
1073 685 1112 735 :et
1129 677 1178 730 im·

118 765 254 844 patibilis3
273 787 361 843 neque
379 770 450 823 enim
468 771 553 824 anima
572 779 694 846 separata
706 768 852 845 quidquam
863 772 972 847 patitur,
990 768 1176 827 multominus

119 881 190 938 quae
207 871 270 916 sunt
287 882 317 918 ea
335 865 536 939 praestantiora.

192 959 232 1012 ll.
271 955 422 1013 Daemones
441 958 534 1014 mundi
552 968 672 1014 rectores
690 977 745 1013 non
763 967 826 1013 sunt
843 956 984 1036 patibiles,
1006 957 1072 1015 licet
1090 960 1118 1015 in
1135 978 1176 1013 aa·

119 1051 174 1106 cris
197 1069 241 1106 res
264 1070 408 1128 corporeae
431 1053 465 1107 iis
491 1052 643 1109 offerantur.
692 1071 827 1108 sacrarum
850 1052 1058 1108 ceremoniarum
1082 1072 1176 1107 causae

119 1152 147 1199 et
165 1145 290 1229 origines.
335 1145 369 1202 de
387 1148 472 1202 sacris
491 1146 651 1223 quibusdam
669 1149 697 1202 in
716 1148 807 1225 speeie
824 1144 946 1224 Priapeia
965 1156 992 1202 et
1004 1143 1144 1202 Venereis.

192 1241 233 1294 12.
269 1237 317 1294 Dii
335 1237 416 1296 nullis
439 1250 582 1317 tanguntur
602 1242 787 1317 passionibus,
810 1242 932 1318 quamvis
953 1241 1079 1319 precibus
1102 1241 1175 1296 flecti

119 1330 265 1390 videantur.
310 1322 449 1390 ultroneus
468 1344 510 1390 est
528 1334 639 1391 deorum
657 1334 692 1392 ad
708 1333 941 1392 benefaciendum
953 1345 1054 1392 motus:
1073 1337 1176 1391 animae

118 1439 229 1486 nostrae
246 1428 417 1507 passionibus
440 1427 586 1497 liberantur
609 1431 637 1485 in
660 1431 794 1507 precibus.
840 1439 906 1506 quot
930 1440 957 1487 et
980 1439 1077 1506 quama
1094 1429 1174 1485 nobis

118 1521 183 1580 inde
201 1521 347 1607 obveniunt
364 1523 442 1580 bona.

191 1622 232 1675 13.
255 1612 312 1674 'De
330 1615 441 1675 deorum
457 1621 505 1687 ira,
525 1615 612 1696 qualis
631 1621 676 1686 sit,
695 1620 752 1674 eius
770 1615 886 1696 placatio
903 1637 959 1674 non
977 1618 1063 1696 arguit
1080 1619 1108 1672 in
1121 1616 1174 1673 diis

118 1712 305 1778 mutationem
323 1711 534 1791 supplicationes
551 1711 619 1769 mala
630 1721 820 1779 averruncant3
839 1710 950 1770 deorum
960 1700 1174 1768 benevolentiam

117 1805 271 1863 conciliant.
1169 1803 1172 1810 ’

191 1904 232 1957 14.
268 1900 312 1956 De
330 1901 491 1957 neomsitate
509 1922 577 1979 quae
595 1904 724 1979 competit
742 1901 803 1958 diis.

190 1998 232 2050 15.
268 1994 316 2051 Dii
334 2014 388 2050 non
406 1993 605 2071 distinguuntur
622 2017 637 2051 a
655 1994 828 2052 daemonibus
851 1997 955 2051 ratione
976 2013 1059 2073 purae
1076 1993 1174 2050 intelli-

116 2091 229 2167 gentiae.
274 2078 471 2165 'intelligentiae
493 2110 576 2168 purae
596 2101 711 2169 possunt
733 2090 825 2147 audire
846 2110 955 2168 preces,
980 2099 1007 2145 et
1031 2087 1173 2166 quomodo.

117 2184 152 2240 de
174 2182 314 2262 precibus,
340 2202 430 2239 carum
451 2204 502 2240 usu
524 2187 686 2242 necessitate
708 2185 794 2241 fructu
817 2171 983 2240 auctoritate.
1028 2182 1174 2240 materialia

117 2299 186 2357 quae
204 2280 233 2358 in
250 2275 492 2360 supplicationibus
512 2280 660 2337 offeruntur
678 2279 739 2348 diis,
763 2300 817 2334 non
836 2278 952 2357 probant
968 2275 1172 2356 supplicandum

118 2368 180 2430 ease
196 2363 250 2430 ¹diis
268 2381 372 2428 tantum
390 2370 555 2430 animalibus.
604 2375 632 2430 in
654 2376 716 2430 istis
735 2371 917 2430 materialibus
939 2371 1022 2428 latent
1045 2371 1173 2448 quaedam

117 2467 266 2547 diviniores
284 2468 402 2548 rationes
421 2466 474 2547 diis
494 2470 691 2525 convenientes.

188 2563 231 2617 16.
250 2557 399 2618 'Reiicitur
417 2548 469 2617 alia
486 2560 637 2621 differentia
655 2565 744 2643 posita
762 2564 782 2618 a'
796 2559 947 2641 Porphyrio
969 2562 1043 2621 inteu
1061 2559 1126 2617 deos
1145 2570 1173 2617 et

116 2654 274 2722 daemonas3
301 2653 408 2712 scilicet
431 2655 503 2734 quod
526 2654 564 2712 dii
588 2658 642 2715 sint
668 2657 834 2738 incorporei,
861 2654 1005 2712 daemones
1027 2676 1092 2713 vero
1114 2676 1172 2713 cor-

115 2753 201 2829 porei.
255 2822 258 2829 .

188 2846 229 2900 17.
266 2842 415 2923 Quaerenti
433 2842 593 2924 Porphyrio,
613 2846 659 2921 qui
681 2845 790 2928 possiut
807 2842 849 2899 sol
868 2856 895 2902 et
912 2844 975 2902 luna
988 2845 1027 2902 dii
1038 2866 1099 2902 esse
1111 2866 1172 2902 cum

116 2940 172 2995 sint
189 2939 322 3015 corporei,
345 2938 491 3016 respondet
508 2936 675 2996 lamblichus
692 2937 784 2995 multis
796 2932 890 2996 'modis
913 2961 995 3019 posse
1013 2938 1068 2997 dici
1085 2942 1173 2997 incor-

115 3053 222 3113 poreos.
269 3032 336 3088 caeli
354 3043 448 3089 natura
467 3034 617 3117 quamdiia
637 3043 755 3112 cognata.

125 3180 129 3211 ς
186 3130 230 3185 18.
266 3124 513 3185 matbematicorum
532 3131 623 3208 opinio
642 3130 771 3196 reficitur,
791 3148 858 3205 quae
876 3122 1093 3185 statuit'deorum
1104 3129 1171 3185 alios

115 3242 177 3279 osse
192 3221 330 3278 beneficos
349 3220 417 3278 alios
435 3221 580 3279 maleficos.
626 3221 724 3279 malum
742 3227 828 3278 non'a
848 3220 930 3279 caelis
949 3224 998 3279 sed
1021 3226 1169 3280 amatoria.

115 3316 224 3372 Saturni
243 3327 269 3372 et
286 3315 380 3372 blsrtis
399 3319 479 3373 vires.

187 3414 228 3466 19.
265 3409 348 3484 Quod
365 3410 404 3467 dii
421 3413 450 3466 in
469 3409 550 3467 caelis
569 3413 708 3489 conspicui
727 3420 922 3469 connectuntur
941 3431 1000 3468 cum
1018 3410 1070 3467 diis
1084 3413 1171 3467 incor-

114 3506 214 3582 poreis.
263 3504 337 3581 quod
358 3507 521 3583 principium
544 3526 622 3561 suum
642 3505 742 3561 babent
764 3508 793 3561 in
816 3506 915 3561 mundo
938 3504 1114 3581 intelligibili,
1144 3516 1168 3561 et

113 3618 176 3655 suas
194 3598 269 3655 ideas
282 3598 473 3676 speculentur,
497 3622 512 3655 a
531 3600 627 3676 quibus
646 3598 745 3656 luerint
764 3602 941 3678 progenerati.
986 3600 1095 3658 vinculo
1113 3603 1168 3656 uni·

113 3694 177 3749 tatis
195 3702 309 3769 uterque
325 3694 440 3753 mundus
459 3693 607 3773 copulatur.
688 3722 692 3727 ⁴

183 3790 227 3844 10.
264 3787 347 3861 Quod
364 3789 420 3844 sint
439 3788 477 3844 dii
495 3786 661 3854 invisibiles,
679 3785 818 3853 visibiles,
832 3796 859 3842 et
877 3785 1028 3845 daemones.
1073 3790 1169 3847 borum

113 3879 279 3937 differentiae
291 3903 306 3937 a
319 3885 508 3940 coniunctione
521 3885 691 3960 separatione
702 3879 878 3957 intelligentis
890 3879 987 3941 officiis
999 3884 1168 3961 providentia

113 3977 232 4032 essentia
249 3979 374 4053 puritate.
590 4027 593 4031 .

182 4073 226 4126 21.
264 4067 395 4128 Conbntat
417 4068 669 4147 quaePorpbyrius
693 4067 851 4152 adduxerat,
866 4072 982 4130 scilicet
1004 4071 1087 4129 multa
1108 4072 1168 4129 fieri

112 4182 173 4240 erga
195 4162 262 4221 deos
285 4174 419 4242 nmquam
441 4163 566 4241 patibiles
590 4173 617 4220 et
639 4163 781 4222 affectibus
805 4165 948 4224 obnoxios.
992 4175 1092 4243 pugnat
1115 4163 1168 4222 hoc
