2776 4876
210 339 264 394 sus
676 306 678 313 ⁴
1197 333 1270 399 sis

212 517 277 581 μον
307 501 365 561 ἕνα
393 491 596 580 ἀδιαίρετον,
629 486 652 572 ἢ
684 485 770 557 κατά
800 485 979 575 μετάδοσιν
1012 489 1078 557 τῶν
1112 485 1274 575 μειζόνων

214 602 385 697 ἄφθονον,
410 596 433 684 ἢ
455 600 541 669 κατά
563 598 732 690 ὑποδοχὴν
754 605 819 670 τῶν
841 597 1025 666 ἐλαττόνων
1048 596 1230 680 ἀκώλυτον,
1252 595 1275 680 ἢ

213 711 299 782 κατά
322 711 479 782 σύνὸετον
508 712 637 805 ἀμφοῖν
668 709 839 799 ὁμόνοιαν.
885 707 967 778 ὅταν
995 714 1056 797 μίν
1084 701 1146 778 ούν
1168 707 1309 789 &seusa

211 821 453 914 θεραπεύομεν
474 819 552 902 τούς
572 821 813 910 βασιλεύοντας
835 825 943 913 ψυχῆς
966 825 1023 888 καὶ
1045 818 1184 911 φύσεως,
1214 821 1276 888 οὐκ

211 934 394 1025 ἀλλότριον
415 932 544 1012 τούτοις
567 939 637 1004 ἐστὶ
658 939 716 1003 καὶ
738 929 880 1026 φυσικάς
895 931 1050 1018 δυνάμεις
1063 937 1276 1023 προσφέρειν,

213 1044 353 1135 σώματά
374 1072 410 1114 τε
432 1043 474 1114 τά
497 1047 705 1134 διοικούμενα
733 1041 799 1112 ύπό
828 1048 887 1124 τῆς
916 1042 1047 1135 (μύσεως
1074 1046 1309 1128 καθαμίζεινο

213 1159 328 1236 αὐτοῖς
356 1158 415 1225 ούκ
443 1161 531 1226 ἔστιν
561 1156 768 1244 ἀπόβλητον·
798 1152 862 1221 ὅλα
889 1151 954 1243 γὰρ
984 1149 1025 1222 τά
1054 1158 1114 1235 τῆς
1144 1150 1276 1245 φύσεως
1353 1243 1354 1246 ¹

214 1274 294 1361 ἔργα
315 1269 470 1357 ὑπηρετεῖ
490 1293 524 1335 τε
548 1268 662 1347 αὐτοῖς
689 1271 746 1335 καί
775 1269 920 1334 συντελεῖ
946 1292 976 1332 τι
1000 1265 1109 1334 αὐτῶν
1138 1271 1183 1362 είς
1212 1263 1277 1346 τὴν

214 1378 445 1466 διακόσμησιν.
492 1376 575 1446 όταν
598 1381 633 1446 δὲ
655 1375 733 1457 τούς
755 1372 875 1456 αύτούς
905 1377 988 1444 καθ’
1008 1373 1147 1455 ίαυτούς
1175 1390 1312 1463 μονο-9

215 1495 310 1570 ειόεῖς
332 1486 432 1569 όντας
454 1492 555 1576 τιμοῖν
576 1492 794 1578 ἐπιχειρῶμεν,
820 1485 999 1567 ἀπολύτοις
1021 1501 1131 1575 τιμαῖς
1153 1483 1277 1566 αὐτούς

213 1606 378 1693 γεραίρειν
400 1599 510 1682 ἀξιον·
532 1596 576 1667 τά
598 1603 635 1667 δὲ
656 1597 756 1689 νοερά
777 1607 848 1677 τοῖς
868 1597 1031 1680 τοιούτοις
1053 1603 1144 1690 δῶρα
1167 1598 1277 1689 ἀρμό-

217 1716 265 1795 ζει
287 1717 344 1780 καὶ
365 1708 409 1778 τά
429 1715 490 1793 τῆς
512 1709 691 1799 ἀσωμάτου
712 1714 805 1792 ζωῆς,
827 1707 893 1777 όσα
915 1736 950 1778 τε
972 1707 1073 1800 ἀρετὴ
1095 1715 1152 1779 καὶ
1168 1715 1277 1802 σοφία
1297 1719 1331 1771 12

216 1826 383 1912 δωρεῖται,
411 1826 469 1889 καὶ
497 1823 526 1888 τί
552 1846 626 1891 τινα
647 1825 754 1888 τέλεια
779 1824 836 1887 καὶ
865 1818 929 1887 όλα
958 1827 1018 1907 τῆς
1045 1827 1157 1912 ψυχῆς
1184 1826 1277 1891 ἐστὶν

216 1932 348 2021 ἀγαθοί.
392 1936 448 2000 καὶ
470 1928 537 2018 μὴν
560 1944 630 2012 τοῖς
651 1958 687 2019 γε
709 1941 822 2020 μέσοις
843 1937 900 2000 καὶ
921 1936 988 2002 τῶν
1016 1939 1125 2020 μέσων
1152 1932 1277 2021 ἡγεμο-

215 2049 331 2113 νούσιν
353 2045 497 2131 ἀμαθῶν
519 2048 623 2113 ἐνίοτε
644 2049 705 2130 μὲν
727 2046 829 2111 διπλοῖ
851 2040 894 2110 ἀν
916 2047 1007 2133 δῶρα
1029 2043 1279 2134 συναρμόσειεν,
1298 2057 1331 2108 15

215 2160 322 2223 ἐνίοτε
345 2156 375 2222 δ’
394 2152 437 2223 ἀν
459 2161 608 2223 ἐπίκοινα
630 2151 715 2244 πρὸς
735 2153 913 2246 ἀμφότερα
935 2161 1051 2236 ταῦτα,
1073 2153 1096 2238 ἢ
1117 2161 1175 2224 καὶ
1190 2155 1278 2223 ἀπο-

217 2264 394 2354 σχιζόμενα
424 2271 484 2353 μίν
517 2261 584 2334 ἀπό
618 2270 687 2334 τῶν
719 2264 807 2333 καίτοι
836 2262 920 2354 πρὸς
948 2268 982 2334 δὲ
1011 2261 1053 2334 τά
1083 2265 1279 2359 ὑψηλότερα

217 2374 403 2460 ἀνήκοντα,
430 2374 453 2461 ἢ
481 2377 613 2457 πάντας
635 2382 684 2445 ἐνί
705 2403 741 2464 με
763 2381 829 2444 τῶν
858 2375 988 2466 τρόπων
1016 2383 1278 2468 συμπληροῦντα
1299 2386 1332 2436 18

217 2485 280 2568 τὴν
302 2487 478 2575 μεσότητα.

291 2621 317 2674 2.
345 2614 494 2686 ἀκύλντον]
513 2620 649 2691 γλαφυρόν
666 2639 744 2688 marg.
764 2623 786 2672 A
804 2623 850 2674 esd
877 2643 945 2675 man.
1066 2625 1092 2676 4.
1119 2620 1280 2692 θεραπεύο-

286 2725 335 2774 μεν
354 2705 388 2757 0.
487 2707 564 2759 6-7.
592 2703 950 2776 καθαγίζειν-ἀπόβλητον
967 2727 1019 2760 om.
1038 2709 1073 2762 Ο.
1174 2711 1199 2761 7.
1226 2705 1280 2761 ὅλα

288 2790 342 2858 μὰρ
355 2788 576 2861 τάτηςφύσευς]
596 2793 633 2846 τὰ
648 2794 701 2865 peip
720 2793 823 2862 pinsere
835 2791 926 2848 πάντα
943 2795 977 2847 0.
1049 2796 1075 2848 8.
1102 2793 1226 2866 ὖπερετεῖ
1244 2795 1279 2846 D.

300 2869 314 2942 ΙΙ
326 2873 369 2940 τι]
389 2874 424 2926 sie
442 2876 523 2940 ACD,
550 2897 600 2930 om.
620 2878 653 2930 0.
727 2881 769 2930 15.
796 2883 842 2948 μὲν
861 2876 896 2932 ἀν
914 2879 997 2934 διπλοῖ
1015 2883 1047 2933 Α.

217 2986 325 3064 periore
343 3006 373 3041 se
395 2985 567 3044 inferioribus
588 2987 674 3045 libere
697 2991 906 3058 communicent,
929 2990 974 3047 vel
997 2991 1124 3047 inferiora
1145 2991 1281 3066 recipient

217 3073 279 3128 sine
296 3071 488 3149 impedimento
505 3077 657 3151 superiora,
679 3073 725 3132 vel
747 3074 820 3150 quud
844 3075 922 3131 umbo
945 3087 1085 3133 nectantur
1107 3079 1179 3132 inter
1201 3097 1234 3132 se
1252 3086 1280 3132 et

218 3160 384 3236 conspirent
431 3159 542 3235 quande
556 3162 636 3237 igitur
654 3161 720 3217 dees
740 3159 853 3216 colimus
872 3164 919 3236 qui
937 3165 1039 3219 animae
1057 3172 1085 3219 et
1102 3172 1213 3218 neturue
1232 3162 1280 3218 de·

218 3246 360 3312 minantur,
379 3243 446 3301 nihil
464 3245 543 3302 alieni
561 3245 703 3304 fecerimus
720 3249 746 3303 si
763 3245 807 3302 his
825 3246 960 3303 naturales
976 3251 1111 3325 potentias
1122 3249 1278 3315 offeramus,

216 3348 306 3407 neque
322 3332 545 3388 contemnendum
564 3333 638 3409 quid,
656 3336 681 3389 si
699 3351 812 3410 corpore
831 3352 899 3408 quae
917 3344 1011 3389 natura
1027 3344 1154 3410 reguntur
1164 3335 1200 3388 iis
1215 3354 1278 3389 cou-

216 3436 368 3483 eeeremus3
387 3419 475 3472 omnia
493 3420 565 3473 euim
582 3428 692 3474 naturae
711 3438 793 3497 opera
805 3428 833 3474 et
845 3418 1032 3496 obtemperant
1049 3422 1083 3475 iis
1096 3429 1124 3476 et
1135 3419 1170 3475 ed
1181 3439 1279 3475 eorum

217 3502 446 3580 dispensationem
463 3502 566 3580 aliquid
584 3503 732 3561 conserunt.
781 3503 888 3580 quande
912 3515 1001 3560 eutem
1019 3505 1085 3562 deus
1103 3526 1153 3582 per
1170 3525 1202 3560 se
1220 3507 1279 3561 uni·

220 3585 320 3644 formes
338 3609 505 3657 veneremur,
522 3588 672 3645 honoribus
689 3610 704 3643 ε
721 3592 832 3645 materis
849 3589 943 3647 liberis
955 3602 1064 3669 opertet
1075 3612 1123 3648 eos
1136 3591 1278 3657 honoreri3

219 3691 303 3748 quare
320 3673 511 3731 intellectualis
527 3674 571 3731 tis
589 3677 659 3733 done
678 3675 809 3732 debentur
827 3686 854 3732 et
872 3697 903 3732 eu
916 3697 984 3753 quse
995 3679 1051 3734 ritu
1067 3687 1190 3755 separatu
1202 3698 1278 3755 prae·

218 3766 283 3824 stet,
301 3777 421 3835 quaeque
437 3763 546 3818 virtutis
564 3773 592 3818 et
608 3765 757 3840 sapientiae
774 3761 877 3819 finctus
895 3774 969 3832 sunt,
988 3774 1017 3820 et
1027 3784 1205 3841 quaeeunque
1218 3783 1279 3840 per·

219 3841 291 3898 teste
307 3853 337 3898 et
352 3843 433 3920 plene
448 3847 482 3903 ab
501 3850 587 3904 enims
605 3849 821 3926 proficiscuntur.
868 3850 965 3907 mediis
987 3860 1077 3906 autem
1098 3850 1153 3906 tiis
1178 3852 1279 3926 quiet

219 3927 370 3984 mediorum
387 3930 469 3989 duces
488 3946 551 3990 sunt
568 3934 700 3992 benonim
717 3934 860 4012 aliquando
878 3937 977 3992 offeres
996 3936 1066 3993 dens
1084 3934 1212 4014 duplicis,
1229 3928 1279 3992 ili·

219 4013 327 4092 quando
344 4017 423 4072 mista
441 4036 474 4072 ex
489 4021 620 4094 utrisque,
642 4031 688 4076 eut
703 4023 729 4078 si
748 4024 785 4078 ita
800 4021 885 4080 libent
902 4021 966 4079 telis
983 4042 1052 4099 quse
1069 4021 1167 4078 abeunt
1183 4022 1220 4078 ub
1238 4024 1280 4077 in·

220 4099 362 4158 iunioribus
379 4111 408 4158 et
429 4100 464 4156 ed
481 4105 621 4178 superiora
641 4107 749 4165 interim
771 4110 929 4187 respicient,
952 4119 997 4165 aut
1018 4107 1116 4165 saltem
1138 4127 1208 4184 quae
1229 4111 1280 4165 uni

220 4187 385 4246 utisiueisnt
400 4186 557 4246 mediorum.
