2776 4876
511 335 654 415 Porphyrii
673 336 794 416 epistola.
1120 356 1180 396 ω

124 503 196 573 τοῖς
221 494 330 570 καλῶς
359 493 418 562 οὐκ
447 498 649 562 ἐπίστανται.
695 500 786 564 oeta]
815 490 874 565 οὖν
902 496 981 587 παρ’
1000 496 1092 584 ὑμῶν
1120 494 1181 580 τὴν

127 614 172 685 είς
195 605 408 691 εὐδαιμονίαν
433 602 514 673 ὁδδν
536 608 694 690 ἐπιδεῖξαί
714 636 781 694 μοι,
811 613 867 677 καὶ
890 616 926 676 ἑν
947 613 1011 676 τίνι
1032 610 1179 692 narraret

89 719 230 801 3αίιτῆς
260 715 371 784 οὐσία·
407 714 499 805 παρά
527 723 588 804 μὲν
613 716 679 808 γάρ
706 720 787 807 ἡμῖν
815 726 1003 810 λογομαχία
1034 727 1085 801 τίς
1112 730 1181 790 ἐστι
1198 729 1237 789 at

124 828 242 910 πολλή,
272 825 330 895 ἅτε
353 829 388 911 ἐξ
410 827 636 918 ἀνθρωπίνων
667 835 834 919 λογισμῶν
855 839 916 900 τοῦ
937 831 1077 918 ἀγαθοῦ
1099 840 1180 900 τίκα

128 944 284 1029 ζομίνον·
308 939 358 1018 οἷς
380 944 414 1007 δὲ
436 939 664 1028 μεμηχάνηται
687 943 708 1025 ἡ
729 942 813 1031 πρὸς
834 939 873 1010 τὰ
896 955 1044 1033 κρεῖττον
1066 967 1181 1012 συνου-

90 1068 107 1119 t
129 1059 198 1133 σία,
221 1060 249 1119 et
270 1056 330 1139 μέν
346 1062 506 1145 Ιπαρεῖται
526 1049 566 1119 ro*
589 1061 689 1141 μέρος
710 1059 809 1123 τοῦτο
833 1064 877 1135 είς
892 1057 1049 1142 ἐξέτασιν,
1070 1054 1180 1141 μάτην
1197 1067 1237 1126 18

125 1165 239 1243 αὐτοῖς
261 1163 281 1247 ἡ
306 1167 411 1255 σοφία
433 1161 609 1246 ίξήσκηται
630 1171 704 1255 περὶ
725 1170 890 1254 δραπέτου
912 1167 1064 1259 εὑρέσεως
1079 1165 1101 1250 ἢ
1113 1194 1179 1255 χω-

126 1283 200 1364 ρίον
223 1277 310 1359 ὠνῆς
332 1270 354 1358 ἢ
376 1273 493 1361 γάμου,
517 1283 544 1344 εί
565 1274 668 1366 τάχοι,
689 1275 712 1360 ἢ
734 1283 894 1369 ἐμπορίας
910 1277 969 1347 τὸν
984 1284 1084 1347 θεῖον
1098 1283 1180 1346 νοῦν

89 1402 105 1452 9
127 1388 362 1478 ἐνοχλήσασιν·
386 1395 413 1454 εί
436 1387 466 1453 δ’
486 1386 527 1454 οὐ
547 1401 701 1476 παρεῖται
723 1394 791 1475 μίν,
815 1396 847 1456 οἱ
865 1387 1018 1470 συνόντες
1032 1394 1106 1480 περὶ
1119 1395 1180 1477 μέν

124 1505 192 1570 τῶν
221 1497 330 1569 ἄλλων
357 1498 597 1580 τάληθέστατα
624 1504 767 1586 λέγουσι,
802 1505 877 1588 περὶ
906 1505 940 1569 δὲ
970 1502 1181 1588 εὐδαιμονίας
1198 1501 1237 1559 49

124 1612 220 1681 οὐδὲν
241 1612 390 1705 ἀσφαλὲς
412 1608 482 1678 οὐδ’
501 1618 654 1699 ἐχέγγυον
676 1615 793 1699 ίγοοσι,
812 1609 942 1700 χαλεποί
957 1617 1017 1699 μὲν
1032 1615 1180 1699 διαμελι-

70 1732 106 1783 12
128 1728 247 1804 τῶντις
263 1722 419 1813 άχρηστα
441 1725 476 1790 δὲ
498 1735 569 1802 τοῖς
591 1721 794 1814 ἀνθρώποις,
824 1724 884 1792 οὐκ
904 1716 996 1803 ἦσαν
1016 1721 1084 1814 ἄρα
1106 1720 1179 1793 οὔτε

126 1838 205 1905 θεοί
228 1833 298 1904 οὔτ’
317 1835 449 1920 ἀγαθοί
478 1836 641 1920 δαίμονες,
670 1833 786 1919 ἀλλ’ἢ
808 1843 931 1916 ἐκεῖνος
958 1837 979 1904 ὁ
1006 1835 1184 1923 λεγόμενος

124 1946 251 2027 πλάνος
280 1941 303 2029 ἢ
329 1950 399 2015 πᾶν
427 1942 618 2036 ἀνθρώπων
653 1945 780 2038 εὕρημα
808 1953 865 2016 καὶ
894 1949 1024 2032 θνητῆς
1053 1946 1182 2039 φύσεως

72 2074 106 2124 1ο
124 2055 339 2147 άνάπλασμα.
388 2042 391 2047 ⁴
600 2040 604 2049 ‚

195 2224 221 2275 δ.
248 2226 295 2293 μέν
312 2242 363 2276 om.
381 2223 473 2275 Euseb.
565 2223 590 2275 9.
618 2221 660 2289 σί]
680 2227 707 2275 οί
724 2226 751 2277 δὲ
771 2225 862 2276 Euseb.
954 2226 995 2277 10.
1023 2223 1059 2276 τά
1077 2218 1182 2290 diffl-

195 2302 375 2363 oroenoe'Gale.
483 2310 525 2361 11.
554 2311 645 2376 Ιχοοσι
660 2329 711 2363 orn.
729 2309 821 2363 Euseb.
936 2311 1052 2363 11-12.
1075 2309 1180 2378 χαλεπά

197 2390 391 2466 -ιίνθριίπσις
405 2413 458 2448 em.
475 2395 569 2447 nne.
588 2396 686 2448 Ήιιοδ.
780 2399 823 2449 12.
849 2411 904 2467 poor
921 2388 990 2466 ἔρον
1003 2396 1104 2448 Theod.
1123 2395 1179 2446 αδδ

197 2473 251 2535 oia.
276 2476 288 2551 ΙΙ
311 2479 435 2552 ἄρα’σω.
454 2481 525 2534 Gale.
604 2484 646 2535 1³.
673 2480 760 2550 riom.
779 2484 877 2537 Τίιοοδ.
949 2483 1065 2536 14-15.
1089 2478 1180 2549 ἢπᾶν

197 2565 404 2640 *sisinium
418 2589 470 2623 σω.
489 2566 581 2622 Βοιὼ.
600 2568 680 2622 Τοοδ.

123 2691 229 2747 Fontes:
285 2692 365 2762 Μ’ί.
401 2693 495 2745 Euseb.
514 2712 553 2763 pr.
572 2712 608 2743 ev.
630 2692 738 2760 lt,10;
764 2693 790 2757 2,
809 2695 862 2747 328
880 2693 954 2746 Hein.

195 2776 334 2848 §.48AE
369 2780 461 2832 Βοιὼ.
479 2797 518 2849 pr.
540 2778 804 2843 av.t‚10;l‚208
821 2780 896 2832 Hein.

194 2861 223 2934 fl:
232 2865 275 2919 19.
310 2868 342 2918 ei.
359 2867 433 2919 etiam
452 2865 602 2920 Theodoret.
621 2885 657 2932 gr.
675 2868 717 2919 aff.
736 2886 787 2920 cru.
806 2867 1073 2941 p.rtsytb.p.1tt
1093 2864 1172 2919 Gaias.

125 3001 272 3060 futurorum
291 3005 430 3062 seientiam
449 3015 476 3061 et
493 3015 581 3060 tamen
599 3025 630 3060 ea
647 3005 687 3060 uti
705 3008 833 3065 nesciant.
879 3007 958 3083 cupio
971 3005 1051 3085 igitur
1069 3026 1084 3060 a
1101 3000 1180 3059 vobis

125 3087 217 3148 doceri
236 3111 305 3167 quae
322 3091 360 3147 sit
378 3089 412 3147 ad
430 3088 584 3148 felicitatem
601 3093 653 3161 via,
673 3101 700 3149 et
717 3095 746 3149 in
765 3113 817 3169 quo
830 3094 919 3172 posita
936 3092 972 3147 sit
984 3093 1042 3147 eius
1055 3090 1178 3146 essentia.

64 3235 72 3247 ,
125 3197 189 3233 saue
207 3177 278 3256 apud
296 3197 346 3232 nos
366 3176 484 3234 Graecos
502 3173 606 3236 infinita
624 3188 666 3235 est
682 3177 733 3236 hac
746 3179 822 3238 dere
834 3176 1002 3257 disceptatio,
1022 3177 1122 3253 quippe
1134 3178 1181 3246 qni
1197 3176 1236 3235 47

125 3283 160 3319 ex
178 3262 340 3320 coniecturis
363 3284 436 3320 mere
454 3260 576 3322 humanis
600 3263 666 3342 qnid
684 3266 721 3321 sit
738 3285 869 3322 summum
890 3264 991 3320 bonnm
1009 3261 1177 3318 hariolemur.

125 3348 223 3425 an'bus
240 3354 328 3407 autem
346 3369 407 3407 oum
424 3350 477 3407 diis
494 3351 660 3408 familiaritas
677 3354 840 3420 intercessit,
859 3353 883 3407 si
901 3350 1077 3428 negligentius
1090 3351 1117 3404 in
1129 3347 1180 3404 hae

125 3455 155 3491 re
167 3436 349 3514 investiganda
362 3459 422 3494 sese
433 3441 575 3516 gesserint,
592 3438 691 3496 frustra
701 3438 824 3516 proiecto
841 3439 999 3517 sapientiam
1009 3436 1180 3515 profitentur,
1197 3429 1237 3490 18

126 3539 187 3578 enm
203 3523 233 3579 iai
249 3533 354 3579 tanturn
371 3535 459 3600 agunt,
477 3536 508 3581 nt
526 3525 645 3582 divinam
662 3535 780 3582 merrtem
796 3528 955 3601 inquietent,
972 3535 1037 3603 puta
1056 3522 1090 3580 de
1107 3525 1180 3579 servi

125 3606 230 3684 fugitivi
251 3612 406 3666 inventione
430 3610 463 3667 de
488 3614 543 3688 agri
566 3612 751 3691 redemptione
777 3611 812 3668 de
833 3614 936 3689 nuptiis
958 3621 1004 3669 aut
1024 3621 1179 3668 mercatura.

124 3697 150 3752 si
168 3713 232 3752 vero
250 3716 305 3753 non
322 3696 503 3774 neglexerint,
523 3709 551 3757 et
568 3709 657 3756 umen
675 3719 736 3756 eum
759 3697 795 3754 de
811 3697 873 3754 aliis
889 3698 970 3755 rebus
993 3698 1180 3755 certitudinem

43 3772 47 3779 ⁹
123 3792 154 3839 et
169 3785 312 3841 veritatem
327 3794 445 3853 teneant,
469 3783 504 3840 de
520 3783 649 3843 felicitate
667 3783 736 3843 nibil
752 3787 820 3841 certi
838 3794 866 3844 et
888 3783 944 3840 fida
961 3785 1071 3862 dignum
1090 3805 1180 3864 repor·
1198 3789 1236 3847 49

123 3871 215 3939 tarint,
233 3868 355 3929 difficilia
373 3880 476 3928 tantum
493 3880 522 3926 et
537 3869 690 3929 hominibus
708 3869 813 3928 inutilia
834 3869 1006 3942 meditantes,
1029 3882 1103 3930 certe
1124 3890 1179 3928 non

124 3966 188 4012 suut
205 3955 245 4013 dii
262 3966 308 4013 aut
325 3957 390 4015 boui
408 3957 565 4024 daemones,
588 3956 747 4033 quibuscum
769 3959 870 4014 versati
892 3968 968 4028 sunt,
991 3956 1040 4016 sed
1063 3956 1108 4016 ille
1133 3959 1179 4035 qui

123 4041 205 4122 vulgo
224 4042 338 4101 daemon
355 4046 487 4124 impostor
505 4043 611 4113 (licitur,
630 4052 675 4101 aut
691 4053 778 4101 totum
795 4043 847 4103 hoe
864 4043 1001 4104 hominum
1020 4047 1072 4103 erit
1087 4047 1179 4101 inven-

122 4137 181 4185 tum
199 4138 227 4186 et
244 4139 354 4187 naturae
371 4126 491 4186 mortalis
510 4141 696 4188 commentum.

553 4276 753 4283 w*
