2776 4876
1220 310 1231 341 Ι

531 351 582 410 Th.
601 351 679 410 Galei
697 351 834 430 praelatio.
1150 370 1215 412 xxv

160 513 216 590 Te,
239 531 260 574 o
283 512 477 596 praesidium
492 523 648 592 nostrum,
672 513 844 592 contendo,
867 523 904 578 ut
926 516 1010 579 sinas
1034 516 1108 580 huic
1130 514 1214 580 libro

158 622 289 689 inscribi
311 644 429 689 nomen
452 635 557 704 tuum,
585 625 674 711 quod
697 625 774 690 alias
798 625 938 690 salutare
961 647 1029 689 sum
1053 640 1214 712 expertus.

159 739 185 800 si
207 740 309 835 otium
331 738 408 800 mihi
429 741 615 826 contigerit,
646 741 737 802 cuius
764 761 853 803 nunc
881 760 950 802 sum
979 741 1214 825 egentissimus,

160 848 320 913 adhibebo
348 850 475 935 scriptia
502 854 581 915 meis
608 849 728 930 limam,
759 861 792 915 et
821 848 949 935 quidem
980 870 1019 913 eo
1049 849 1212 928 libentius,

160 964 310 1046 quoniam
332 960 437 1025 limam
460 960 612 1027 adversus
627 966 807 1047 viperarum
830 961 953 1040 dantes,
976 964 1213 1047 sapientissimo

160 1073 293 1159 Aesopo
317 1082 477 1151 monente,
498 1073 669 1158 plurimum
691 1073 847 1160 prodesse
870 1072 976 1137 didici.

582 1186 674 1251 Vale.
698 1185 910 1274 Amplitudini
933 1194 965 1249 et
987 1186 1115 1250 Honori
1138 1187 1213 1250 Tuo

786 1297 1013 1363 Deditissimus

203 1406 352 1487 Londini,
375 1407 447 1472 Kal.
469 1409 559 1471 Junii
798 1464 802 1477 .
978 1410 1016 1474 T.
1041 1409 1080 1475 G.

216 1522 276 1585 Au.
300 1541 550 1586 crancmxxvrrr.

539 1885 599 1959 Ad
622 1884 827 1961 Lectorem.

249 2084 334 2152 Cum
357 2088 390 2147 in
413 2086 500 2148 omni
522 2083 590 2148 fere
612 2084 816 2148 scientiarum
840 2105 956 2170 genere
972 2083 1072 2148 multa
1086 2082 1214 2149 soleant

160 2203 194 2265 in
217 2209 385 2281 utramque
406 2206 529 2280 partem
552 2195 717 2281 disputari,
739 2206 806 2260 tum
828 2199 959 2261 maxime
981 2200 1015 2260 in
1037 2219 1143 2261 rerum
1167 2194 1214 2260 di·

161 2315 306 2375 vinarum
328 2307 600 2392 contemplatione
623 2329 738 2395 magna
761 2329 887 2393 semper
908 2311 1064 2373 varietate
1092 2320 1126 2372 et
1148 2311 1218 2372 ani-

161 2445 285 2487 morum
308 2422 508 2486 dissensione
530 2443 548 2483 a
570 2422 647 2484 viris
670 2418 775 2484 doctis
798 2429 847 2484 est
867 2419 1074 2484 decertatum.
1109 2420 1218 2484 Theo-

162 2534 262 2599 dorus
285 2536 451 2610 Asinaeus,
481 2536 566 2597 inter
588 2530 774 2596 Platonicos
798 2552 864 2596 uon
888 2530 1046 2596 obscurus
1073 2531 1218 2618 philoso-

160 2648 251 2733 phus,
278 2649 412 2711 animam
434 2647 600 2710 humanam
624 2643 686 2708 deo
711 2646 772 2729 ipsi
796 2640 975 2726 ὁμοούσιον
1004 2666 1075 2709 esse
1097 2642 1217 2720 voluit,

160 2760 243 2824 hanc
269 2761 369 2844 ipsam
396 2761 530 2821 animam
556 2757 772 2821 Dicaearchus
801 2757 995 2834 Messenius,
1032 2755 1216 2822 Aristotelis

160 2881 310 2950 sectator,
332 2870 411 2934 nihil
435 2891 504 2934 esse
519 2869 661 2956 putabat,
685 2879 719 2933 et
732 2868 766 2933 id
781 2889 899 2933 nomen
915 2890 986 2933 esse
1001 2878 1106 2934 totum
1121 2873 1218 2933 inane

161 2984 367 3048 existimabat.
418 2992 544 3046 veteres
578 2982 706 3068 physici
735 2981 829 3045 deum
860 3002 999 3066 corpore
1029 2980 1217 3060 induebant,

160 3097 358 3183 Pythagorei
381 3116 460 3159 vero
483 3094 621 3160 eundem
638 3093 842 3159 collocarunt
856 3116 952 3179 supra
969 3115 1095 3179 corpus,
1118 3115 1218 3177 supra

160 3218 312 3286 mentem,
341 3230 438 3293 supra
466 3209 650 3285 essentiam,
682 3217 715 3271 et
743 3205 829 3270 ultra
859 3228 954 3270 omne
976 3204 1024 3284 id,
1056 3204 1097 3268 ad
1127 3204 1217 3288 quod

160 3330 271 3385 nostra
299 3319 528 3407 intelligentia,
558 3317 793 3404 quantumlibet
822 3318 1001 3396 defaecata,
1031 3319 1218 3403 pertingere

161 3436 272 3518 possit.

248 3546 351 3608 Tanta
375 3547 604 3609 sententiarum
627 3543 841 3629 discrepantia
868 3544 954 3605 inter
976 3540 1133 3620 homines,
1164 3562 1217 3604 ve·

159 3661 286 3721 ritatem
308 3666 515 3743 quaerentes,
543 3655 674 3721 aliunde
696 3653 858 3740 proficisci
881 3673 949 3716 non
971 3656 1093 3738 potuit,
1124 3676 1222 3739 quam

160 3790 179 3831 a
199 3773 325 3833 mentis·
336 3769 494 3832 humanae
509 3767 735 3844 imbecillitate,
759 3775 792 3829 et
806 3767 901 3829 nimia
915 3787 1023 3830 rerum
1038 3765 1216 3831 divinarum

160 3880 358 3946 excellentia.
398 3884 549 3965 quoniam
571 3900 651 3943 vero
674 3900 782 3942 rerum
804 3899 1022 3965 supremarum
1045 3877 1216 3943 immobilis

160 4002 193 4057 et
214 3993 277 4058 fixa
300 4001 416 4057 natura
438 4014 506 4056 non
527 4000 637 4078 potest
659 3990 700 4055 ad
723 4001 865 4055 nostram
890 3987 1057 4058 οὐδένειαν
1085 3991 1218 4056 descen-

159 4104 237 4170 dere
252 4108 312 4170 nisi
328 4127 387 4191 per
401 4104 583 4170 ultroneam
599 4103 833 4192 benignamque
850 4104 989 4190 aliquam
1005 4098 1217 4187 συγκατάβα-

160 4237 226 4297 σιν,
255 4229 394 4304 possunt
416 4228 522 4283 autem
544 4219 704 4297 homines,
728 4228 776 4299 et,
805 4215 893 4304 quod
921 4219 1052 4282 nimium
1082 4224 1216 4296 constat,
