2776 4876
122 345 149 410 ³,
162 345 195 398 18
1128 343 1180 398 143

122 499 253 589 ὑφορᾷς
275 493 316 564 σὺ
330 499 386 563 καί
400 494 598 576 ὑποπτεύεις.
632 493 827 583 ἡγεμονικὸς
841 497 905 586 γάρ
920 505 990 566 ἐστι
1003 503 1060 566 καὶ
1073 523 1179 586 πρωτ-

124 605 243 697 ονργδς
271 605 479 690 αὐτεξούσιός
507 633 541 675 τε
570 613 627 676 καὶ
653 609 817 697 ὑπερέχων
845 607 1047 702 συνειληφώς
1074 635 1109 677 τε
1143 617 1179 677 ἐν

89 719 233 804 3ταύτῷ
261 715 304 786 τά
332 716 397 786 ὅλα
425 718 498 786 ἀλλ’
518 719 577 787 οὐκ
605 719 705 800 αὐτὸς
733 719 960 810 περιεχόμενος
986 719 1051 788 ὑπό
1080 745 1179 789 τινων

124 831 199 898 οὐδὲ
221 827 443 918 διειργόμενος
463 826 528 897 ὑπό
545 834 610 898 τῶν
630 831 962 919 μεταλαμβανόντων,
985 831 1057 898 ἀλλ’
1078 829 1180 911 αὐτὸς

124 938 262 1030 ἁθρόως
283 945 340 1007 καὶ
363 940 560 1030 ἀδιορίστως
581 945 684 1010 πᾶσιν
706 939 907 1030 ἐπιβεβηκώς
921 948 977 1010 καὶ
992 941 1178 1022 ἐνεξουσιάε

89 1055 194 1134 θζων,
217 1052 396 1139 άδεορίστῳ
418 1055 453 1120 δέ
475 1051 613 1140 δυνάμει
634 1059 817 1144 ἐπικρατῶν
838 1051 881 1121 τά
904 1051 969 1122 ὅλα
990 1060 1046 1122 καὶ
1062 1057 1180 1136 διαση-

124 1167 252 1250 μαίνων
274 1161 423 1251 ἀθρόως.
461 1163 523 1255 ἀφ’
543 1155 589 1233 ὧν
611 1162 653 1248 δὴ
676 1163 839 1244 διαλύσεις
862 1168 985 1252 ῥαδίως
1005 1161 1068 1244 τάς
1088 1169 1178 1232 ttiu-

124 1272 215 1354 τικάς
236 1272 360 1352 ταύτας
382 1278 439 1342 καὶ
459 1274 728 1366 παρενοχλοόσας
742 1288 812 1356 τοῖς
825 1280 961 1354 πολλοῖς
982 1275 1179 1365 ἀνθρώποις

89 1406 105 1456 9
124 1384 277 1475 ἀπορίας,
297 1389 354 1453 ἐπὶ
376 1388 412 1454 δέ
433 1383 495 1467 τὴν
516 1385 637 1476 νοερόν
658 1394 716 1456 καὶ
737 1393 840 1456 θείαν
855 1393 911 1454 καὶ
925 1384 1094 1474 ἄψευστον
1109 1383 1179 1453 άπδ

123 1494 256 1565 πάντων
270 1500 508 1583 προσημασίαν
521 1503 587 1566 τῶν
602 1503 695 1567 θεῶν
709 1497 828 1569 ἐαυτδν
843 1497 1014 1580 ἐπανάξεις
1029 1495 1178 1576 δεόντως.

205 1604 278 1675 Ὅτι
299 1611 359 1693 μέν
382 1599 443 1676 οὖν
467 1607 508 1675 οὐ
529 1607 710 1695 κατάγεται
730 1609 770 1678 τό
792 1614 893 1678 θεῖον
920 1617 965 1688 είς
992 1605 1036 1676 τά
1057 1618 1178 1693 σημεῖα

72 1735 106 1786 12
124 1722 183 1800 τῆς
205 1720 365 1804 μαντικῆς
386 1714 441 1785 διά
464 1715 590 1786 τούτων
611 1718 868 1806 ἠγωνισάμεθα·
891 1724 1018 1807 δέχεται
1039 1718 1070 1786 δ’
1089 1719 1178 1805 ἡμᾶς
1196 1720 1234 1781 18

123 1824 215 1914 ἀγιδν
236 1829 271 1910 ἐξ
292 1828 420 1915 ἀγῶνος
442 1836 565 1918 ἐτερος,
595 1830 654 1899 οὐκ
677 1830 820 1899 ἐλάττων
842 1834 903 1899 τοῦ
923 1827 988 1912 ἤδη
1010 1853 1179 1917 προανασ-

123 1943 254 2020 θέντος,
277 1936 318 2008 δν
340 1937 470 2026 ἐπάγεις
492 1937 595 2020 οὐδός
616 1947 691 2032 περὶ
713 1946 779 2010 των
800 1948 914 2011 αέτίων
936 1946 996 2023 τῆς
1009 1944 1179 2027 μαντικῆς,

71 2072 105 2122 15
124 2057 151 2117 εί
179 2046 263 2130 θεός
291 2048 313 2133 ἢ
342 2048 481 2137 άγγελος
508 2046 530 2133 ἢ
558 2053 686 2137 δαίμων
707 2050 730 2134 ἢ
758 2052 913 2122 ὁστισοῦν
939 2051 1077 2140 πάρεστι
1105 2061 1180 2130 ταῖς

123 2165 330 2251 ἐπιφανείαις
351 2159 374 2244 ἢ
394 2166 565 2248 μαντείαις
586 2158 608 2242 ἢ
631 2174 704 2241 ταῖς
733 2163 930 2231 ὁποιαισοῦν
957 2169 1060 2253 ἱεραῖς
1089 2170 1179 2249 ἐνερ-

121 2276 241 2358 γείαιςς
268 2270 352 2362 πρός
373 2270 415 2354 δὴ
437 2277 535 2340 τοῦτο
558 2272 685 2352 ἁπλοῦς
714 2277 805 2342 ἐστὶν
827 2274 845 2341 δ
868 2273 948 2362 παρ’
967 2273 1048 2360 ἡμῖν
1070 2271 1177 2358 λόγος,

193 2557 218 2608 1.
243 2551 363 2625 ὖφοροῖς]
391 2553 426 2605 sic
445 2553 508 2606 Gale
526 2567 588 2617 not,
624 2553 714 2624 ὖφορᾶ
739 2554 818 2620 Aci),
853 2556 939 2625 lqopoi
961 2553 992 2616 B,
1028 2552 1125 2622 lqoqa'tt
1143 2551 1176 2603 0.

193 2641 252 2694 1.2.
280 2637 445 2712 προτονργδς
462 2639 497 2691 D.
561 2640 586 2692 4.
613 2637 778 2711 διεργόμενος
796 2639 829 2691 l).
896 2642 919 2693 6.
947 2634 1104 2710 ἀδιορίστως
1122 2637 1176 2690 Ac.

192 2726 217 2779 7.
246 2725 347 2794 Otium.
364 2723 401 2778 D.
520 2725 544 2778 δ.
572 2718 691 2797 εἶπορίαν
708 2725 740 2779 B.
762 2719 774 2794 ΙΙ
796 2723 838 2792 δὲ]
859 2726 891 2796 δὴ
911 2728 941 2777 Α.
962 2719 976 2794 ΙΙ
996 2719 1124 2793 άψαστον
1142 2723 1175 2774 D.

194 2815 236 2866 10.
264 2812 373 2864 δίοντων
392 2808 422 2861 C.
496 2812 537 2862 11.
567 2800 628 2877 ada]
648 2811 683 2862 sic
702 2810 783 2875 acl),
809 2831 862 2864 om.
880 2811 913 2866 0.
987 2812 1028 2865 12.
1056 2806 1175 2874 τούτων]

193 2897 228 2949 sic
246 2896 303 2960 Ac,
327 2893 409 2949 τοῦτο
428 2894 461 2949 0.
534 2897 575 2948 17.
602 2894 675 2964 ἡμῶν
693 2896 774 2951 tel).

123 3169 191 3248 pelis
209 3179 237 3224 et
253 3170 453 3245 primomovens
472 3166 541 3224 liber
559 3177 587 3223 et
604 3168 718 3223 eximius
739 3169 768 3222 in
791 3186 821 3222 se
845 3166 1026 3244 complectens
1050 3166 1138 3220 omia
1160 3185 1176 3220 a

122 3255 196 3312 nullo
215 3255 322 3309 interim
339 3255 398 3331 ipae
416 3252 626 3331 comprehensus
644 3271 694 3308 neo
712 3252 745 3308 ab
767 3253 836 3330 ipsis
857 3249 1079 3329 participantibus
1102 3254 1176 3306 τοδε-

123 3344 201 3409 citus‚
220 3338 300 3396 simul
318 3349 346 3396 et
363 3339 501 3396 indivisim
519 3339 643 3395 omnibus
659 3337 796 3415 praesidet
812 3348 842 3394 et
858 3340 979 3414 imperat,
998 3345 1132 3413 potestate
1145 3334 1176 3389 il·

122 3426 234 3483 limitata
252 3436 326 3482 tenet
343 3427 432 3481 omnia
450 3435 478 3480 ot
490 3423 576 3481 simul
592 3424 732 3502 praedicit.
778 3442 827 3500 per
844 3423 910 3478 baec
928 3423 1009 3498 igitur
1019 3419 1104 3476 lacile
1123 3419 1177 3475 dis·

122 3513 213 3571 solves
230 3513 410 3568 dubitationes
426 3513 494 3566 ister
511 3509 634 3586 vulgares
652 3530 720 3587 quse
736 3508 858 3586 pluribus
876 3507 1029 3564 hominibus
1040 3507 1177 3584 negotium

121 3599 265 3663 lacessunt,
284 3606 312 3651 et
328 3605 410 3672 prout
426 3605 535 3671 oportet
551 3595 663 3652 reduces
681 3605 709 3652 te
725 3596 815 3672 ipsum
832 3593 867 3649 sd
883 3593 1092 3650 intellectualem
1109 3592 1178 3650 divi·

122 3705 183 3742 nam
200 3679 368 3738 infallibilem
384 3682 414 3736 in
431 3681 554 3737 omnibus
571 3681 782 3758 praedictionem
799 3680 918 3736 deorum.

134 3793 136 3796 ·
193 3765 276 3841 Quod
293 3767 374 3841 igitur
391 3765 519 3822 divinitas
536 3785 592 3822 uon
609 3765 750 3822 deducitur
772 3768 801 3820 in
822 3765 898 3839 signa
920 3765 1105 3820 vaticinatoria
1127 3781 1179 3840 per

122 3853 173 3910 boc
191 3854 333 3918 evicimus3
350 3851 400 3907 sed
418 3853 520 3928 excipit
535 3871 587 3907 nos
604 3849 678 3906 uliud
694 3869 730 3907 ex
747 3849 801 3906 alio
813 3858 955 3916 certamen,
974 3868 1024 3905 nec
1035 3847 1123 3906 levius
1135 3858 1177 3904 est
1194 3836 1233 3897 18

122 3959 155 3995 eo
174 3939 318 4016 quodiam
336 3936 505 4003 conficimus,
529 3935 602 4012 quod
620 3956 635 3990 ε
653 3945 680 3990 te
697 3936 788 3990 statim
805 3933 931 3990 sdiieitur
947 3935 982 3991 de
1004 3937 1093 3991 causis
1110 3936 1177 3991 rati·

123 4026 198 4081 ciniir
222 4044 256 4079 an
274 4024 340 4079 deus
358 4043 393 4079 an
409 4020 519 4098 angelus
537 4042 572 4078 au
589 4020 702 4077 daemon
719 4031 766 4077 ant
783 4018 897 4097 quilibet
913 4019 1053 4077 meliorum
1072 4029 1176 4074 natura·

122 4130 182 4167 rum
205 4109 277 4165 adsit
298 4111 327 4165 in
350 4108 504 4188 epiphaniis
526 4118 554 4164 at
575 4108 711 4165 vaticiniis
733 4116 761 4162 et
782 4105 842 4163 eliis
867 4107 1069 4183 quibuscunque
1090 4104 1175 4158 sacris

123 4194 340 4272 operationibus?
384 4194 418 4252 ad
440 4193 493 4251 boo
514 4195 597 4271 igitur
618 4212 671 4250 una
692 4203 735 4250 est
757 4193 829 4271 apud
851 4213 903 4250 nos
924 4191 1079 4269 responsio,
1101 4187 1182 4264 qued·
