2776 4876
178 340 213 394 16
1160 335 1187 399 l,
1198 338 1230 389 15

177 493 243 584 γάρ
265 497 397 579 με’τοχοί
420 499 501 559 εὶσιν
524 485 636 572 αὗται)
657 491 727 558 ἀπὸ
748 493 783 557 δὲ
805 494 871 556 τῶν
894 493 986 557 θεῶν
1008 493 1061 557 ἐπὶ
1084 486 1142 556 τάν
1157 492 1233 559 κατ’

177 614 341 694 ἐνέργειαν
363 600 465 671 ἀυλον
493 607 572 670 νοῦν
598 602 842 682 ἀποπίπτοντα,
871 593 912 668 οὗ
932 598 981 683 δὴ.
1002 606 1170 680 παντιλῶς
1198 608 1230 671 οἱ

178 720 256 785 θεοὶ
278 719 460 801 προέχουσι.
507 719 538 780 τί
561 706 621 782 οὖν
643 717 694 781 δεῖ
714 717 820 783 ταῦτα
848 709 892 783 τά
920 711 1082 800 ῖδιώματα
1110 715 1262 785 imit-³

177 853 257 914 μειν,
279 826 363 914 ἀπερ
386 826 455 897 οὐδ’
475 823 560 905 ὅλως
582 830 663 894 εῖσὶν
684 825 799 905 αὐτοῖς
821 833 938 901 οἰκεῖαι
964 822 1003 894 τδ
1025 826 1149 910 μὲνδὴ
1171 829 1232 908 τῆς

177 945 363 1029 διαιρέσεως
391 935 578 1027 (πάρεργον
599 935 664 1025 γάρ
686 945 775 1005 ἐστιν
797 933 924 1020 ἀλλως)
953 944 1049 1026 μέχρι
1068 935 1231 1009 τοσούτου

159 1100 164 1123 ι
176 1050 309 1140 μνήμης
323 1048 505 1130 ἀξιούσθω.
543 1046 566 1117 ἀ
582 1053 616 1118 δὲ
630 1053 688 1116 καὶ
700 1045 784 1136 πρὸς
797 1046 921 1131 ταύτην
934 1049 1084 1137 ἀπορεῖς,
1094 1053 1229 1135 επείπερ
1245 1074 1262 1126 ε

176 1163 315 1231 ἅπτεται
335 1165 394 1244 τῆς
415 1165 580 1248 ἱερατικῆς
602 1164 799 1249 θεραπείας,
828 1159 928 1245 λόγου
956 1166 1141 1249 τυγχανέτω
1169 1165 1230 1229 τοῦ

111 1318 114 1323 <
175 1273 411 1366 προσήκοντος.
496 1316 499 1322 ·

257 1382 328 1454 Ἔτι
349 1381 413 1472 γάρ
435 1387 564 1472 μᾶλλον
586 1383 738 1463 ἀκλίτους
759 1388 814 1451 καὶ
838 1383 965 1470 ἀμιγεῖς
987 1387 1168 1466 αἰσθητοῖς
1185 1391 1262 1456 tl-tt

176 1495 247 1568 πιδν
270 1496 352 1566 εἶναι
367 1493 443 1574 τούς
457 1492 632 1582 καθαροὺς
645 1493 727 1574 νόας
742 1495 883 1586 ἀπορεῖς,
906 1503 934 1563 εὶ
949 1498 998 1563 δεῖ
1012 1490 1095 1583 πρὸς
1108 1491 1229 1573 αὐτοὺς

177 1607 344 1698 εάγεσθαι.
378 1604 441 1695 tyni
455 1606 485 1674 δ’
501 1607 571 1676 οὐδ’
588 1604 701 1686 ἀλλοις
715 1612 801 1676 τισὶν
815 1607 960 1693 ἡγοῦμαι
974 1610 1043 1675 δεῖν
1058 1602 1227 1694 εὔχεσθαι.
1252 1698 1254 1700 V

177 1719 216 1791 τὸ
244 1717 309 1810 γάρ
336 1723 436 1788 θεῖον
464 1727 500 1787 ἐν
528 1719 609 1803 ἡμῖν
635 1723 691 1788 καὶ
711 1713 829 1805 νοερὸν
849 1723 906 1786 καὶ
928 1725 971 1798 ἓν,
1002 1715 1028 1800 ι’),
1049 1726 1077 1787 εὶ
1104 1716 1229 1801 νυητδν
1247 1737 1280 1789 12

178 1829 259 1901 αὐτὸ
274 1834 385 1899 καλεῖν
400 1835 534 1910 ἐθέλεις,
555 1835 713 1918 ἐγείρεται
726 1829 799 1897 τότε
815 1835 959 1918 ἐναργῶς
972 1838 1008 1899 ὲν
1022 1842 1096 1910 ταῖς
1110 1830 1228 1920 εὐχαῖς,

178 1941 355 2032 δγρόμενου
376 1946 411 2010 δδ
432 1946 561 2032 ἐφίεται
581 1947 641 2011 τοῦ
664 1943 781 2029 ὁμοίου
803 1940 1027 2033 διαφερόντως
1048 1947 1104 2010 καὶ
1127 1940 1228 2012 συνά-

177 2082 291 2125 πτεται
312 2051 395 2144 πρὸς
417 2053 694 2136 αὐτοτελειάτητα.
733 2062 761 2121 εἰ
783 2057 817 2122 δέ
841 2076 895 2121 σοι
915 2050 1056 2123 ἀπιστον
1071 2052 1155 2122 εἶναι
1167 2079 1228 2146 igu-
1247 2080 1281 2131 15

176 2171 386 2258 ταφαίνεται,
399 2169 468 2245 πῶς
482 2169 597 2256 ’φωνῆς
610 2165 720 2235 ἀκούει
734 2162 772 2234 τδ
788 2163 966 2252 ἀσώματον
981 2170 1036 2233 καὶ
1048 2164 1228 2249 ὡςαῖσθή-

177 2303 258 2359 σεως
278 2277 517 2370 προσδεήσεται
537 2282 593 2344 καὶ
615 2278 657 2344 δι’
677 2274 768 2344 ἀτων
795 2272 837 2342 τά
867 2275 1028 2362 λεγόμενα
1055 2276 1114 2368 ὑφ’
1133 2277 1228 2366 ἡμῶν

176 2399 212 2458 ἐν
233 2404 307 2472 ταῖς
328 2402 536 2482 προσευχαῖς,
565 2385 646 2457 ἑκὼν
673 2386 882 2482 ἐπιλανθάνῃ
911 2391 970 2470 τῆς
998 2393 1063 2457 τῶν
1089 2388 1228 2478 πρώτων,
1249 2410 1282 2462 ts

247 2578 271 2629 e.
300 2557 354 2642 ιιι]
373 2577 405 2643 ει,
423 2575 455 2625 n.
476 2568 489 2642 ιι
509 2575 546 2627 ιε
568 2573 664 2626 annui
681 2573 818 2628 vurmius.
925 2574 949 2625 ι.
979 2569 1055 2638 εσυ]
1079 2576 1150 2628 ιτα.
1175 2572 1227 2627 ic.

246 2666 271 2715 5.
299 2658 393 2729 ἄλλως]
413 2658 512 2732 ἀγγεως
531 2661 563 2711 Α.
669 2661 693 2712 9.
720 2656 851 2726 ἀκλήτους
868 2659 899 2723 Β,
923 2654 1070 2729 ἀκηλήτους
1096 2660 1159 2712 Gale
1177 2675 1230 2713 not.

247 2751 288 2800 11.
316 2749 361 2818 lysi
381 2744 440 2800 οὔδ’
460 2748 493 2798 li.
566 2747 606 2798 12.
634 2745 735 2817 νοερὸν]
755 2746 790 2798 sic
809 2747 872 2798 Gale
891 2761 941 2799 not.
961 2761 984 2798 et
996 2745 1061 2799 'fait
1079 2740 1175 2821 νοητὸν
1194 2747 1228 2800 0·

249 2837 291 2886 13.
317 2836 418 2892 ἐθέλοις
438 2832 494 2885 CD.
578 2833 618 2884 18.
645 2831 817 2904 προσευχαῖς]
836 2829 925 2900 rigate
945 2834 1001 2885 AD.
1023 2827 1035 2901 ll
1056 2832 1229 2888 tartareum

248 2923 281 2983 Α,
307 2918 477 2972 λπιλαυθάυει
496 2916 570 2983 (corr.
589 2915 765 2987 ἐπιλανθάνῃ)
783 2921 816 2971 ὓ.

177 3094 343 3153 intellectum
361 3104 421 3151 actu
443 3114 540 3172 purum
563 3097 716 3162 amatorie,
741 3117 823 3174 snper
846 3117 926 3173 quem
948 3106 1036 3165 tamen
1058 3094 1097 3151 dii
1120 3096 1230 3151 omnino

176 3182 332 3240 euehuntur.
350 3179 429 3256 ¹qnid
446 3181 526 3254 igitur
543 3200 612 3257 epus
630 3192 674 3237 est
689 3180 756 3239 baec
773 3185 807 3238 iis
825 3182 952 3248 tribuere,
971 3201 1040 3257 quae
1056 3178 1130 3236 nullo
1148 3181 1231 3238 modo

177 3270 211 3326 iis
225 3278 292 3327 sunt
309 3268 434 3346 propria?
465 3265 513 3323 sed
531 3266 566 3323 de
584 3266 633 3324 bne
645 3267 819 3324 distinctione
837 3271 911 3338 (nrm
923 3288 1149 3347 supervacaneum
1160 3267 1232 3325 iuret

176 3354 267 3434 plura)
288 3354 417 3413 hactenus
435 3355 588 3410 meminisse
606 3352 733 3410 snffieintr
755 3375 823 3429 qnae
846 3375 911 3412 vere
933 3357 1076 3412 occasione
1093 3353 1173 3411 bnins
1192 3353 1233 3412 dl·

176 3444 330 3499 stinctionis
349 3443 378 3497 in
396 3439 505 3497 dubium
523 3459 613 3507 ruens,
632 3438 847 3515 qnandoquidem
865 3441 899 3498 nd
916 3441 1111 3499 sacerdotalem
1128 3440 1232 3499 cultum

140 3563 143 3567 ·
177 3531 321 3605 pertinent,
338 3547 463 3584 sermone
480 3529 552 3584 inste
570 3526 742 3602 dignabimur.

248 3611 393 3690 Postquam
411 3633 474 3690 ergo
492 3612 625 3669 inflexiles
647 3622 675 3669 et
698 3611 871 3670 sensibilibus
895 3613 976 3671 rebus
998 3612 1233 3693 impermiscibiles

177 3698 272 3756 dixisti
289 3709 392 3756 mentes
409 3721 501 3778 puras,
518 3699 626 3758 dubites
643 3719 706 3755 num
724 3709 847 3776 oporteat
858 3700 892 3757 ed
904 3721 949 3757 ers
961 3721 1057 3779 preces
1069 3721 1232 3778 nuncupere.

177 3805 228 3861 ego
247 3805 312 3842 vcro
331 3806 428 3842 censen
446 3787 499 3854 bis,
517 3785 599 3843 nullis
616 3784 677 3843 eliis
695 3784 899 3862 supplicandum
917 3808 986 3845 esse
1032 3808 1095 3844 nain
1113 3786 1187 3864 qued
1204 3788 1233 3843 in

180 3871 259 3931 nobis
277 3879 320 3926 est
337 3870 464 3941 divinum,
482 3873 554 3949 quod
572 3870 752 3931 intellectuale
770 3881 820 3938 est,
839 3872 911 3948 quod
929 3895 1018 3942 unum,
1041 3873 1086 3932 vel
1103 3876 1129 3931 si
1146 3875 1233 3930 meris

179 3976 277 4015 veeste
289 3955 466 4032 intelligibile,
485 3961 677 4036 expergiscitur
688 3957 769 4036 plnnc
781 3962 852 4016 inter
862 3960 1035 4037 precendum,
1047 3970 1234 4038 experrectum

179 4064 245 4102 reru
263 4044 366 4120 appetit
382 4041 550 4102 vehementer
562 4045 634 4121 quod
646 4046 699 4101 sibi
712 4045 799 4102 simile
811 4055 860 4113 cst,
880 4056 907 4103 et
918 4045 1059 4124 copuletur
1069 4067 1135 4103 snae
1146 4048 1233 4124 iptu'ns

179 4129 346 4208 perfectioni.
382 4149 475 4186 rernm
496 4134 520 4187 si
544 4132 593 4189 tibi
617 4131 774 4189 incredibile
796 4131 931 4200 videntur,
952 4142 1051 4190 utres
1072 4136 1233 4210 incorporee

178 4236 274 4274 vocem
290 4218 431 4295 percipere
448 4218 550 4294 pessit,
573 4219 598 4274 si
615 4216 761 4275 contendes
779 4239 861 4277 sensu
879 4219 999 4296 indigere
1015 4229 1046 4278 et
1061 4219 1180 4287 auribus,
1202 4227 1236 4279 ut
