2776 4876
127 337 200 402 ⁵,2o
1133 333 1187 389 sor

214 488 283 556 Ἀπ’
303 484 406 569 άλλης
428 492 540 555 τοίνυν
567 487 672 576 ἀρχῆς
700 483 886 575 ὁρμώμενοι
916 491 1036 554 τοῦτο
1058 487 1186 575 κόσμου
1203 505 1244 566 20

128 604 183 668 καὶ
204 602 270 667 τῶν
293 603 474 685 ἐγκοσμίων
496 603 597 679 θεῶν,
622 600 683 681 τῆς
703 623 739 665 τε
761 605 798 666 ἐν
820 595 911 683 αὐτῷ
932 599 998 664 τῶν
1020 597 1185 690 τεττάρων

93 716 297 799 εστοιχείων
319 713 496 797 διανομῆς,
523 715 579 778 καὶ
606 714 667 792 τῆς
688 704 774 777 κατὰ
796 705 839 776 τά
867 713 973 798 μέτρα
1001 711 1068 777 τοῖν
1097 735 1187 778 στοι·

124 827 223 911 χείων
252 819 448 904 συλλήξεως,
484 826 540 890 καὶ
568 825 629 904 τῆς
656 828 692 890 ὲν
719 818 810 902 τάξει
837 824 913 909 περὶ
940 830 1013 898 τοῖς
1044 827 1189 911 κέντροις

129 937 398 1023 αεριδινουμένης
419 935 612 1024 περιφοράς,
635 928 777 1018 εὔβοτον
792 936 906 1019 ἔχομεν
920 926 1046 1000 ἀνοδον
1059 935 1113 999 daal
1127 928 1189 1014 τὴν

92 1042 298 1127 ςάλήθειαν
320 1047 380 1126 τῆς
406 1047 482 1132 περὶ
511 1046 642 1111 θυσιῶν
670 1043 855 1127 ἁγιστείας·
878 1049 906 1110 εί
933 1038 999 1132 γάρ
1028 1043 1125 1110 αὐτοί
1152 1048 1188 1130 μί

128 1163 225 1243 ἐσμεν
248 1162 283 1222 ὲν
310 1152 432 1240 κόσμῳ,
461 1158 517 1222 καλ
544 1155 587 1234 ὡς
615 1160 699 1243 μέρη
726 1151 951 1243 περιεχόμεθα
979 1160 1014 1220 ἐν
1044 1151 1112 1238 ὅλῳ
1140 1157 1187 1240 τῷ

127 1272 239 1346 ιιαντί,
253 1263 483 1352 παραγόμεθά
497 1291 532 1333 τε
546 1265 602 1334 ὑπ’
618 1265 722 1333 αὐτοῦ
735 1261 878 1353 ιιράτως,
893 1269 950 1331 καὶ
966 1262 1187 1352 τελειοάμεθα

93 1376 196 1452 οάιεὸ
216 1381 282 1444 τῶν
305 1374 390 1444 ὅλων
413 1384 448 1444 ἐν
471 1376 560 1462 αὐτῷ
583 1372 765 1462 δυνάμεων,
793 1371 862 1443 ἀιιό
883 1400 919 1443 τε
942 1377 1008 1444 τῶν
1031 1383 1067 1443 ἐν
1094 1376 1188 1464 αὐτῷ

128 1490 297 1575 στοιχείων
320 1484 578 1574 συνιστάνομεν,
606 1490 663 1554 καὶ
684 1484 808 1574 μοῖράν
829 1511 905 1554 τινα
931 1488 1016 1570 ζωῆς
1043 1491 1100 1555 καὶ
1123 1484 1188 1580 φά·

128 1621 210 1677 σεως
232 1599 311 1687 παρ’
334 1598 439 1666 αὐτοῦ
460 1597 620 1684 λαβόντες
642 1601 766 1685 ἔχομεν,
796 1597 838 1664 οὐ
859 1601 909 1665 δεῖ
930 1593 972 1678 δὴ
1001 1594 1057 1664 διά
1079 1600 1187 1667 ταῦτα

75 1729 109 1782 12
128 1709 339 1799 ὑπερβαίνειν
361 1704 421 1776 τὸν
443 1707 569 1797 κόσμον
591 1712 647 1774 καὶ
668 1705 729 1786 τάς
750 1712 946 1794 ὲγκοσμίους
968 1705 1141 1789 διατάξεις.

219 1823 335 1905 Θῶμεν
358 1812 418 1888 οὖν
438 1818 522 1886 καθ’
542 1816 684 1900 ἑκάστην
710 1815 926 1908 αερικόσμιον
953 1820 1073 1908 μερίδα
1104 1817 1187 1886 εἶναι
1210 1833 1214 1838 ’

127 1937 241 2018 μέντοι
262 1935 318 1998 καὶ
342 1934 437 2017 σο”μοι
460 1935 558 1998 τοῦτο
582 1926 662 2017 ὅπερ
685 1928 822 2020 ὁρῶμεν,
845 1928 1007 1998 εἶναικαὶ
1029 1924 1090 2006 τάς
1112 1933 1187 2019 περί

76 2067 110 2118 15
127 2053 198 2120 τοῖς
225 2039 356 2129 σώμασι
382 2036 539 2131 μεριστάς
572 2038 727 2127 δυνάμεις
755 2038 969 2126 ἀσωμάτους,
1005 2039 1024 2107 ὁ
1055 2034 1096 2120 δὴ
1126 2042 1186 2122 τῆς

128 2155 314 2242 θρησκείας
335 2149 438 2238 νόμος
466 2148 509 2219 τά
532 2148 633 2238 ὅμοια
660 2148 815 2232 δηλονότι
844 2160 915 2227 τοῖς
943 2150 1074 2237 ὁμοίοις
1100 2149 1187 2218 ἀπο·

127 2269 226 2351 νέμει,
246 2267 303 2330 καὶ
318 2265 471 2332 διατείνει
486 2261 528 2330 δι’
546 2259 632 2328 ὅλων
647 2258 751 2338 οὕτως
764 2256 902 2329 ἀνωθεν
917 2256 993 2350 ἀχρι
1007 2264 1073 2328 τῶν
1088 2259 1187 2364 topol-

76 2396 110 2447 18
128 2400 207 2454 των,
237 2372 400 2461 ἀσώματα
423 2378 482 2460 μὲν
504 2371 709 2459 ἀσωμάτοις,
738 2369 876 2458 σώματα
905 2374 940 2438 δὲ
970 2369 1114 2458 σώμασι,
1142 2367 1186 2438 τά

199 2609 223 2658 4.
252 2609 297 2659 καί
309 2612 366 2665 τοῖς
377 2609 404 2659 ἓν
414 2601 486 2664 τάξει
496 2605 530 2656 Ι).
601 2607 626 2656 5.
654 2607 849 2676 περιδινομίνης
862 2603 916 2670 AG,
935 2604 1137 2675 αεριδυναμίνης
1150 2603 1185 2658 l).

200 2693 225 2744 6.
252 2690 296 2760 μί]
315 2696 347 2744 τί
364 2695 396 2743 Α.
487 2692 511 2743 7.
539 2689 594 2757 τῷ]
611 2689 746 2756 sic-ACD,
773 2711 824 2744 om.
844 2691 877 2744 0.
968 2692 1011 2743 12.
1039 2688 1185 2756 διατάξεις]

199 2777 235 2829 εἰσ
253 2778 310 2839 ΔΙ),
337 2776 482 2836 διαλλάξεις
499 2776 532 2829 Ο.
643 2778 683 2830 13.
712 2774 796 2847 δῶμεν
814 2777 848 2830 Ο.
957 2779 999 2830 14.
1026 2781 1074 2848 μίν
1091 2797 1119 2832 τι
1138 2777 1168 2828 Α.

199 3001 243 3057 Ab
262 2999 314 3057 alio
333 3001 414 3076 igitur
435 3001 570 3078 principio
595 2999 779 3068 erudientes,
803 3021 899 3078 nempe
921 3021 936 3056 a
959 2999 1059 3056 mundo
1083 3008 1110 3053 et
1132 2998 1186 3054 diis
1203 2995 1244 3056 2⁰

129 3086 277 3156 mundanis,
302 3107 316 3142 a
335 3085 524 3142 distributione
548 3093 675 3162 quattuor
692 3087 719 3142 in
737 3085 837 3142 mundo
856 3083 1061 3151 elementorum,
1083 3105 1097 3138 a
1116 3099 1186 3140 com·

128 3175 201 3228 muni
220 3174 363 3228 sortitione
381 3173 528 3231 secundum
550 3191 689 3228 mensuras
714 3169 906 3227 elementorum
928 3168 1010 3236 lacta,
1034 3168 1149 3244 denique
1172 3189 1186 3223 a

129 3267 203 3313 motn
221 3256 346 3315 circulari
365 3261 435 3316 circa
454 3269 589 3328 centrum,
613 3257 718 3314 facilem
736 3258 901 3334 reperiamus
920 3254 1022 3310 aditum
1045 3254 1079 3311 ad
1096 3260 1187 3311 veram

129 3353 301 3420 sanctamque
319 3347 513 3403 sacrificiorum
530 3346 670 3400 rationem.
719 3345 744 3399 si
761 3345 832 3398 enim
851 3360 901 3396 nos
920 3343 949 3396 in
970 3339 1070 3396 mundo
1092 3341 1186 3410 simus,

129 3441 157 3486 et
173 3440 307 3507 tamquam
325 3434 353 3487 in
370 3434 497 3487 universo
516 3431 706 3498 contineamur,
726 3429 759 3485 ab
772 3448 858 3504 eoque
869 3444 1078 3504 progeneremur
1088 3426 1186 3501 primo,

130 3526 157 3571 et
175 3516 207 3570 ab
227 3519 284 3572 eius
302 3518 432 3594 potentiis
449 3514 647 3572 universalibus
664 3515 843 3593 perficiamur,
862 3522 889 3568 et
908 3521 1060 3568 constemus
1079 3529 1112 3566 ex
1128 3511 1186 3566 eins

129 3598 279 3668 elementis,
298 3611 325 3656 et
342 3604 414 3658 vitae
431 3603 584 3678 portionem
596 3611 758 3677 naturaeque
771 3601 804 3656 ab
817 3618 849 3655 eo
862 3599 953 3654 sortiti
966 3596 1107 3665 fuerimus3
1124 3615 1187 3675 pro·

129 3684 200 3742 fecto
219 3705 270 3740 nos
288 3706 342 3741 uon
361 3687 489 3744 debemus
507 3689 536 3742 in
554 3685 627 3744 cultu
645 3686 738 3743 divino
756 3684 882 3741 muudum
901 3681 1102 3758 mundanosque
1115 3681 1186 3739 ordi-

129 3791 178 3827 nes
196 3773 418 3848 praetermittere.
1006 3771 1007 3775 ¹

199 3855 334 3913 Ponamus
352 3859 432 3934 igitur
450 3860 521 3914 circa
541 3856 687 3935 quamlibet
704 3855 796 3912 mundi
813 3865 918 3934 partem
936 3873 998 3911 esse
1010 3853 1118 3931 quidem
1129 3846 1187 3911 cor·

129 3963 181 4021 pus
200 3942 310 4019 aliquod
327 3945 367 3999 uti
385 3943 520 4011 videmus,
545 3962 606 3998 esse
623 3950 762 4019 praeterea
779 3943 852 3998 vires
874 3942 902 3996 in
920 3940 1079 4019 corporibus
1101 3941 1187 3995 incor-

130 4048 228 4106 poreas
247 4029 343 4086 ordine
361 4029 527 4095 distributas,
545 4046 683 4084 sacrorum
701 4036 774 4083 certe
792 4027 837 4085 lex
854 4025 987 4084 similibus
1005 4028 1098 4101 utique
1115 4025 1188 4080 simi·

130 4114 165 4169 lia
184 4113 330 4184 distribuit,
349 4125 377 4171 et
395 4137 409 4171 a
427 4117 539 4172 summis
558 4114 592 4170 ad
609 4115 662 4170 ima
679 4133 729 4192 per
747 4113 833 4171 media
845 4123 901 4169 tota
917 4113 1044 4170 deorsum
1055 4108 1186 4187 pervadit,

130 4219 248 4278 corpora.
263 4201 371 4278 quidem
384 4201 552 4280 corporibus,
571 4201 740 4278 incorporeis
752 4201 918 4279 incorporea,
937 4199 1047 4276 propria
1059 4194 1187 4255 videlieet

984 4303 1038 4358 15*
