2776 4876
213 337 264 403 κε
909 326 911 330 ’
1214 338 1267 390 κει

298 490 384 558 Ἀλλ’
404 489 423 558 ὁ
445 489 585 572 ἀκούων,
608 489 690 582 φής,
719 487 802 581 πρός
826 487 869 558 τοί
892 489 1121 576 σημαινόμενα
1141 492 1268 585 ἀφορᾷ,
1286 509 1306 567 6

212 601 294 671 ὥστε
318 599 484 688 αὐτάρκης
511 601 533 685 ἡ
557 599 642 684 αὐτὴ
671 610 816 689 μένουσα
846 605 971 683 ἔννοια,
999 596 1062 670 κόν
1091 601 1269 672 ὁποιονοῦν

175 731 191 782 3
210 713 338 808 ὑπάρχῃ
359 709 517 799 τοῦνομα.
555 710 594 781 τὸ
617 714 647 780 δ’
667 713 707 782 οὐ
729 712 882 782 τοιοῦτόν
904 721 993 782 ἐστιν
1014 712 1088 781 οἷον
1110 710 1153 781 σὺ
1165 738 1270 802 προσ·

210 824 388 907 εδόκησας·
412 832 440 892 ελ
461 829 521 912 μὲν
543 822 607 915 γὰρ
631 817 674 908 ἦν
695 822 782 893 κατὰ
794 822 973 908 συνθήκην
986 829 1119 911 κείμενα
1133 822 1176 891 τοὶ
1193 823 1270 892 ὀνό-

209 962 311 1024 ματα,
335 935 430 1004 οὐδὲν
452 939 582 1029 διέφερε
604 933 646 1003 τοὶ
669 944 764 1026 ἔτερα
787 935 862 1004 ἀντὶ
884 939 951 1003 τῶν
970 940 1088 1025 ἑτέρων
1101 939 1271 1022 μεταλαμ-

175 1046 341 1134 σβάνειν·
365 1054 393 1114 εί
407 1051 442 1115 δὲ
457 1052 496 1139 τῇ
518 1045 615 1141 φύσει
636 1046 838 1136 συνήρτηται
860 1051 926 1136 τῶν
948 1042 1061 1130 ὅντων,
1082 1041 1125 1114 τὰ
1140 1050 1270 1134 μᾶλλον

210 1159 293 1252 αὐτῇ
323 1156 541 1246 προσεοικότα
569 1162 626 1226 καὶ
654 1171 724 1238 τοῖς
745 1163 843 1238 θεοῖς
870 1163 963 1227 ἔσται
991 1155 1098 1240 δήπου
1124 1181 1270 1250 προσφι-

211 1275 362 1360 λέστερα·
391 1277 426 1338 ἐκ
455 1266 496 1352 δὴ
525 1273 622 1339 τοῦδε
651 1274 894 1362 καταφαίνεται
921 1269 965 1349 ὡς
993 1267 1135 1356 εὐλόγως
1162 1273 1219 1338 καὶ
1248 1269 1268 1352 ἡ

176 1399 193 1449 9
211 1385 277 1449 τῶν
298 1385 394 1470 ἱερῶν
416 1385 528 1450 ἐθνῶν
550 1388 761 1471 προκέκριται
782 1379 878 1474 φωνὴ
900 1377 964 1470 πρό
987 1385 1054 1448 τῶν
1075 1376 1187 1449 ἄλλων
1209 1380 1267 1449 ιἰν-

210 1489 372 1582 θρώπων·
396 1492 472 1561 οὐδὲ
494 1489 559 1582 γὰρ
581 1490 714 1571 πάντας
735 1488 797 1575 τὴν
819 1488 923 1573 αὐτὴν
945 1490 1096 1573 διασώζει
1116 1490 1270 1560 διάνοιαν

209 1602 524 1694 μεθερμηνευόμενα
538 1600 582 1672 τὰ
593 1601 753 1691 ὀνόματα,
769 1602 842 1670 ἀλλ’
855 1607 923 1672 ἔστι
937 1599 1014 1670 τινοὶ
1029 1602 1112 1669 καθ’
1129 1610 1269 1670 ἕκαστον

158 1727 192 1778 12
212 1719 315 1795 ίθνος
337 1714 509 1805 λδιώματα,
533 1713 683 1785 ἀδύνατα
706 1723 751 1794 είς
772 1712 854 1782 δίλλο
877 1717 981 1792 ἔθνος
1003 1709 1058 1780 διδ
1080 1716 1196 1805 φωνῆς
1209 1734 1270 1794 ση-

212 1831 415 1913 μαίνεσθαι·
445 1831 556 1895 ίπειτα
577 1824 641 1895 κδν
669 1835 697 1895 εὶ
725 1823 798 1894 οἷόν
824 1850 859 1892 τε
888 1821 975 1893 αὐτοὶ
1001 1821 1269 1914 μεθερμηνεύειν,

211 1935 297 2007 ἀλλὰ
326 1937 389 2022 τήν
416 1964 452 2025 γε
476 1937 617 2026 δύναμιν
639 1937 747 2008 οὐκέτι
774 1934 934 2029 φυλάττει
961 1932 1024 2019 τὴν
1051 1932 1170 2015 αὐτήν·
1205 1939 1270 2022 ἔχει

158 2064 192 2116 ιι
210 2053 245 2119 δὲ
266 2054 323 2118 καὶ
344 2047 389 2117 τὰ
409 2049 570 2138 βάρβαρα
600 2048 753 2136 ὀνόματα
781 2045 909 2129 πολλὴν
938 2052 999 2133 μὲν
1021 2051 1168 2140 ἔμφασιν
1187 2046 1269 2113 πολ

210 2158 272 2244 taio
301 2165 336 2229 δὲ
363 2165 561 2249 συντομίαν,
590 2158 798 2252 ἀμφιβολίας
824 2183 861 2225 τε
891 2155 1067 2235 ἐλάττονος
1093 2162 1268 2244 μετέσχηκε

210 2279 266 2343 καὶ
288 2274 453 2348 ποικιλίας
475 2273 615 2338 καὶτοῦ
634 2266 790 2351 πλήθους
818 2270 884 2335 τῶν
913 2266 1046 2349 λέξεων·
1075 2263 1131 2334 διδ
1148 2265 1269 2335 πάντα

158 2392 193 2444 18
215 2381 256 2467 δὴ
280 2375 341 2454 οὖν
363 2386 470 2451 ταῦτα
491 2377 688 2472 συναρμόζει
709 2388 780 2458 τοῖς
801 2383 991 2467 κρείττοσιν.
1108 2402 1111 2407 ·

119 2686 122 2690 ’
240 2719 243 2723 ,
282 2660 308 2710 1.
336 2654 403 2728 φὴς]
421 2654 457 2708 sic
474 2655 556 2720 Aen,
584 2653 672 2727 φωνῆς
690 2656 722 2708 0.
796 2657 821 2708 5.
849 2650 911 2706 ἀντί
928 2672 978 2706 om.
998 2652 1033 2705 0.
1105 2654 1130 2705 7.
1157 2655 1214 2708 ἔστι
1235 2655 1268 2717 Α,

280 2747 336 2799 tm·
354 2743 412 2797 CI).
484 2742 544 2796 8.9.
572 2738 676 2810 ἡτῶν]
695 2739 767 2812 ἧμόν
783 2740 818 2794 D'.
859 2775 861 2783 »
892 2742 935 2793 11.
962 2737 1217 2811 καθερμηντυόμενα
1234 2739 1268 2791 Ι).

292 2823 305 2898 ΙΙ
317 2844 374 2900 post
390 2829 450 2882 τινὰ
468 2828 494 2881 0
513 2829 569 2882 εδδ.
588 2831 642 2881 καὶ.
715 2829 758 2881 18.
786 2829 950 2898 κρείττουσιν
968 2826 1004 2879 Ι).

281 3082 337 3139 Sed
355 3083 461 3151 obiicia,
481 3085 528 3159 qni
546 3082 621 3139 audit
638 3083 746 3138 nomina
765 3082 799 3139 ad
811 3083 959 3160 signifieata
970 3083 1091 3158 respicit,
1109 3089 1189 3154 atque
1201 3078 1268 3134 odeo
1286 3086 1306 3144 6

211 3167 311 3226 suffieit
328 3171 353 3225 si
371 3169 463 3226 eadem
482 3172 519 3226 sit
530 3171 605 3226 notio
620 3169 764 3237 substrata,
784 3168 968 3245 qualecunque
981 3166 1089 3223 tandem
1100 3162 1267 3221 vocabulum

211 3274 263 3311 non
283 3264 325 3311 est
342 3265 423 3333 prout
440 3265 470 3312 tn
489 3258 634 3313 existimas.
681 3274 742 3311 nam
760 3257 785 3310 si
803 3257 911 3311 nomina
929 3262 1022 3308 essent
1039 3272 1073 3307 ex
1095 3249 1211 3306 hnmano
1230 3253 1268 3306 in·

210 3343 305 3397 stituto
322 3343 422 3420 posita,
447 3341 515 3399 nihil
533 3345 678 3399 interesset
694 3341 737 3397 his
757 3361 790 3397 an
814 3340 870 3397 illis
891 3340 1018 3404 utereris,
1044 3339 1068 3393 si
1090 3356 1156 3392 veno
1178 3351 1269 3392 rernm

210 3437 320 3485 naturae
337 3427 536 3485 accommodate
554 3430 618 3496 sint,
638 3446 702 3484 sane
720 3446 788 3503 qnae
805 3427 868 3484 huie
880 3427 994 3482 maxime
1006 3430 1155 3498 congruunt
1171 3440 1201 3475 ee
1214 3419 1268 3476 diis

210 3524 274 3570 sunt
290 3515 404 3570 maxime
421 3514 513 3569 amica.
558 3533 593 3570 ex
604 3513 648 3570 his
660 3515 741 3590 igitur
752 3523 827 3591 patet
839 3527 974 3573 sacrarum
985 3509 1104 3586 gentium
1117 3524 1268 3562 sermonem

210 3600 307 3656 merito
326 3600 438 3655 caeteris
457 3618 518 3654 esse
534 3601 728 3678 praepositum.
776 3597 936 3674 τόδε-φοοδ
948 3594 1059 3652 eandem
1069 3611 1183 3671 prorsus
1195 3610 1268 3648 nen·

210 3696 265 3741 tem
282 3703 337 3740 non
356 3697 465 3742 servant
482 3687 590 3742 nomina
607 3688 636 3742 in
659 3684 737 3742 aliam
757 3685 876 3762 lingnam
899 3686 1086 3760 interpretem
1110 3688 1174 3736 sunt
1197 3680 1268 3735 enim

211 3769 324 3848 singulis
342 3772 467 3847 gentibus
486 3771 615 3848 quaedam
633 3771 769 3840 idiomata,
789 3791 856 3848 quae
874 3769 934 3826 aliis
953 3769 1076 3846 gentibus
1094 3785 1145 3844 per
1161 3785 1209 3822 soa
1221 3783 1268 3823 vo·

212 3856 305 3914 cabula
324 3857 469 3934 significari
487 3878 541 3915 non
559 3867 687 3936 possunt3
711 3867 739 3913 et
756 3859 781 3913 si
798 3855 868 3912 fonte
885 3857 993 3934 possint
1010 3856 1087 3923 verti,
1106 3872 1161 3910 non
1179 3863 1268 3908 tamen

212 3943 323 4000 eandem
340 3963 416 4000 suam
433 3946 582 4020 potentium
601 3953 769 4000 conservant.
818 3940 887 3999 adde
911 3941 984 4019 qood
1005 3940 1117 3997 barbara
1138 3936 1268 3996 voeabula

154 4103 157 4108 ι
211 4028 353 4107 plurimam
375 4028 490 4087 habeant
513 4029 653 4108 emphasin
675 4038 703 4084 et
723 4028 882 4085 brevitatem
906 4047 960 4085 non
983 4030 1120 4084 minorem.
1170 4023 1219 4080 sed
1241 4033 1269 4078 et

211 4117 382 4193 ambignitate
400 4125 427 4171 et
444 4116 574 4172 varietate
586 4115 786 4191 dictionumque
797 4113 966 4172 multitudine
983 4117 1071 4171 minus
1084 4119 1195 4169 scatent.
1241 4119 1268 4164 et

211 4223 261 4279 per
277 4202 344 4259 haee
363 4202 450 4259 omnia
470 4201 523 4258 diis
542 4211 605 4259 sunt
623 4197 870 4260 accommodatiora.
1175 4225 1176 4228 ¹
1251 4226 1256 4232 ·

1066 4308 1100 4359 17
