2776 4876
155 351 211 408 ὅθί)
1143 346 1213 414 532

157 505 382 595 γιγνώσκουσι,
396 501 496 593 μόνοι
511 497 605 572 οὗτοι
618 485 674 575 καί
689 502 848 572 δύνανται
862 501 1051 591 γιγνώσκειν
1064 505 1115 581 τίς
1126 508 1215 570 έστιν

158 619 180 701 ῆ
198 620 421 704 τελεσιουργία
435 618 496 698 τῆς
509 620 681 706 ἱερατικῆς,
701 619 758 684 καὶ
772 609 814 683 τά
829 611 1100 703 παραλειπόμενα
1114 612 1216 693 ἰ’σασι,

157 725 221 796 κάν
234 731 361 816 βραχέα
375 719 405 821 ᾖ,
428 723 480 795 ὅτι
493 724 533 795 τό
549 725 629 796 ὅλον
644 731 704 809 τῆς
719 729 902 816 θρησκείας
916 729 1013 815 έργον
1030 723 1216 812 ἀνατρέπει,
1235 741 1251 794 ³

159 835 270 927 ὅσπερ
292 845 328 907 έν
350 837 497 927 ἁρμονίη
518 844 598 928 μιᾶς
616 841 741 930 χορδῆς
762 840 918 927 ῥαγείσης
940 836 961 919 ῆ
984 834 1046 916 ὅλη
1067 831 1217 925 ἀνάρμο-

158 948 237 1027 στός
258 975 293 1017 τε
315 951 371 1016 καί
393 947 602 1038 ἀσύμμετρος
623 955 764 1037 γίνεται·
787 947 896 1038 ὅσπερ
921 939 981 1014 οὖν
994 950 1049 1014 ἐπὶ
1063 951 1131 1013 τῶν
1146 971 1217 1037 φα-

158 1063 260 1148 νερῶν
284 1062 389 1127 θείων
410 1058 571 1128 καθόδων
593 1059 733 1149 ἐναργὴς
753 1058 903 1146 ῆβλάβη
918 1062 1044 1145 γίνεται
1058 1069 1128 1135 τοῖς
1142 1056 1217 1123 ἀτί·
1235 1077 1252 1131 e

158 1170 266 1257 μητόν
288 1195 362 1238 τινα
391 1175 457 1238 τῶν
478 1171 672 1260 κρειττόνων
699 1174 940 1260 περιλιπσῆσιν,
968 1166 1053 1236 οὕτω
1083 1172 1141 1235 καὶ
1162 1171 1218 1234 ἐπὶ

152 1273 220 1363 τῆς
242 1281 396 1374 ἀφανοῦς
417 1281 527 1350 αὐτῶν
553 1287 740 1371 παρουσίας
768 1289 803 1348 έν
830 1291 905 1360 ταῖς
928 1283 1065 1358 θυσίαις
1095 1277 1135 1346 od
1157 1273 1219 1345 τόν

158 1397 219 1479 μὲν
241 1391 301 1460 τόν
324 1393 354 1461 δ’
374 1389 422 1475 od,
444 1391 533 1461 πάνυ
555 1394 589 1460 δὲ
611 1399 765 1479 τιμητέον
786 1392 870 1460 καθ’
891 1388 934 1474 ῆν
955 1398 1091 1468 ἕκαστος
1112 1388 1254 1475 είληχεε

158 1501 261 1586 τάξιν.
306 1505 325 1573 ὁ
349 1507 384 1572 δὲ
406 1502 593 1595 ἀγέραστόν
615 1528 689 1571 τινα
712 1503 810 1596 ἀφεὶς
833 1511 960 1590 συνέχεε
982 1498 1022 1569 τό
1045 1499 1135 1580 ὅλον,
1159 1503 1219 1566 καὶ

159 1611 222 1697 τὴν
250 1620 333 1703 μίαν
355 1621 411 1684 καὶ
433 1614 516 1698 ὅλην
545 1613 764 1701 διακόσμησιν
793 1617 984 1682 διέσπασεν·
1015 1611 1073 1701 οὐχ
1101 1611 1145 1689 ὡς
1174 1606 1220 1678 ἀν

159 1750 209 1803 τις
232 1718 292 1792 οὖν
312 1730 486 1810 νομίσειεν,
514 1725 615 1807 ἀτελῆ
636 1724 697 1807 τῆν
718 1721 886 1813 ὑποδοχὴν
908 1722 1101 1806 ἐποιήσατο,
1130 1719 1219 1789 ἀλλά
1239 1736 1274 1789 12

160 1838 218 1903 καὶ
240 1832 279 1902 τό
301 1833 462 1925 παράπαν
485 1831 546 1917 τῆν
568 1834 650 1918 ὅλην
672 1836 873 1927 ἀνέστρεφεν
896 1836 1075 1922 ἀγιστείαν.

102 1962 143 2022 22
256 1951 298 2013 Τί
319 1950 370 2027 δέ,
400 1946 474 2035 οὐχὶ
500 1944 539 2014 τό
569 1945 756 2036 ἀκρότατον
784 1951 844 2029 τῆς
872 1949 1036 2031 ἱερατικῆς
1064 1945 1114 2012 ἐπ’
1134 1944 1219 2013 αὐτὸ

159 2054 199 2125 τό
221 2056 423 2147 κυριώτατον
445 2062 505 2126 τοῦ
531 2056 612 2125 ὅλου
638 2058 793 2140 πλήθους
821 2061 855 2126 ἓν
885 2058 1068 2149 ἀνατρέχει,
1098 2060 1155 2123 καὶ
1184 2063 1221 2123 ὲν
1241 2076 1274 2127 1⁶

160 2167 252 2254 adrui
275 2166 347 2257 ἅμα
369 2166 431 2248 τάς
452 2167 578 2248 πολλάς
600 2168 716 2248 οὐσίας
742 2173 799 2236 καί
828 2166 933 2259 ἀρχάς
961 2165 1220 2258 συνθεραπεόεις

157 2284 216 2348 καὶ
237 2278 326 2349 πάνυ
348 2279 495 2370 φήσαιμι
516 2276 577 2348 ἀν·
599 2276 687 2347 ἀλλά
708 2285 808 2348 τοῦτο
832 2281 1017 2372 ὀψιαίτατα
1038 2284 1221 2370 παραγίνε-

231 2513 256 2564 1.
282 2507 471 2578 γιγνώσκουσι]
490 2509 524 2561 aie
543 2509 601 2574 AD,
627 2506 784 2578 γινώσκουσι
802 2509 836 2562 0.
856 2503 869 2576 ΙΙ
890 2507 1053 2577 γιγνώσκειν]
1071 2509 1107 2562 ric
1120 2512 1153 2574 A,
1178 2532 1222 2580 γι-

230 2593 385 2650 nicaeno.
456 2598 482 2648 2·
500 2593 702 2667 περιλειπόμενα
713 2594 794 2647 ACD.
867 2596 892 2647 4.
914 2591 948 2660 ῆ]
966 2591 1026 2663 ῆΒ.
1100 2599 1125 2649 5.
1150 2591 1223 2650 ἀσύ-

229 2701 327 2753 μετρος
346 2683 380 2735 0.
524 2684 566 2735 11.
594 2683 734 2735 dodonaeus
753 2682 786 2732 A.
931 2682 971 2732 17.
999 2697 1055 2750 post
1077 2680 1149 2736 πάνυ
1174 2683 1221 2734 AC

229 2769 325 2819 addunt
340 2787 379 2834 γε.

160 3006 315 3065 sacerdotes
333 3005 484 3083 intelligere
501 3016 617 3083 possunt
629 3026 696 3083 quae
708 3008 746 3062 sit
756 3005 876 3085 perfecta
888 3004 995 3062 colendi
1007 3007 1085 3072 ratio,
1104 3015 1132 3061 ct
1145 3005 1222 3082 quod

158 3114 242 3173 pauca
260 3094 450 3170 praetermissa
468 3102 555 3148 totum
573 3092 710 3168 religionis
729 3112 798 3170 opus
811 3102 940 3160 evertant,
960 3091 1183 3168 quemadmodum
1196 3094 1222 3147 si

157 3200 211 3237 una
230 3178 331 3235 chorda
350 3178 540 3256 disrumpatur,
564 3188 621 3234 tota
640 3179 729 3235 subito
748 3177 932 3234 inharmonica
955 3187 982 3234 ct
1000 3177 1111 3234 dissona
1130 3176 1222 3234 evadit

156 3266 302 3321 harmonia.
352 3264 574 3341 quemadmodum
591 3266 672 3341 igitur
690 3267 718 3320 in
736 3264 848 3320 deorum
871 3262 1019 3320 manifestis
1041 3263 1220 3319 descensibus

157 3349 328 3407 manifestum
347 3370 453 3426 quoque
466 3353 545 3407 nobis
557 3353 683 3428 provenit
695 3350 829 3418 damnum,
848 3352 872 3406 si
886 3369 966 3426 quem
979 3370 1012 3406 ex
1024 3351 1129 3427 superis
1141 3369 1220 3425 prae-

156 3439 328 3494 termittimus
348 3434 550 3502 inhonoratum,
574 3440 611 3493 ita
630 3439 711 3493 etiam
728 3439 753 3492 si
771 3437 860 3492 arcani
879 3446 906 3492 et
924 3437 1093 3514 inconspicui
1115 3435 1221 3490 sacrifi·

157 3525 207 3580 ciis
226 3523 329 3591 adsint,
351 3541 405 3577 non
425 3532 533 3600 oportet
550 3523 621 3579 hunc
640 3522 729 3579 colere
747 3522 823 3578 illum
842 3532 930 3579 autem
947 3543 1016 3591 non,
1040 3520 1090 3578 sed
1108 3523 1219 3576 omniuo

157 3611 341 3684 uuusquisque
363 3607 493 3665 colendus
516 3619 558 3664 est
579 3628 630 3686 pro
653 3628 702 3664 suo
721 3609 803 3684 gradu
827 3629 906 3686 quem
928 3618 1009 3665 tenet.
1058 3609 1105 3684 qui
1130 3617 1219 3664 autem

157 3691 275 3768 aliquem
292 3696 403 3770 proprio
416 3693 521 3751 fraudat
532 3704 619 3750 totum
631 3693 771 3751 confundit
782 3693 919 3772 religionis
932 3716 1009 3774 opus,
1028 3705 1056 3751 et
1067 3713 1135 3770 quae
1146 3712 1220 3750 nunc

157 3797 209 3834 una
227 3779 382 3854 integraque
401 3791 474 3836 esset
493 3779 706 3837 conformitatem
725 3780 853 3858 dissipat3
878 3802 979 3858 neque,
1001 3791 1032 3838 ut
1049 3779 1135 3836 alicui
1148 3778 1220 3836 forte

157 3863 247 3942 possit
264 3862 364 3930 videri,
387 3866 542 3943 imperfecte
560 3867 625 3923 deos
644 3868 772 3944 suscipit,
797 3867 847 3923 sed
869 3878 953 3925 totam
976 3869 1156 3924 ceremoniam
1174 3887 1220 3945 pe-

156 3951 229 4006 nitus
249 3950 394 4005 evacuavit.

99 4031 140 4090 22
228 4033 304 4108 Quid
322 4051 401 4099 vero,
424 4053 458 4089 an
482 4054 535 4090 non
557 4041 627 4095 sacri
652 4038 740 4096 cultus
763 4040 959 4118 perfectissima
982 4041 1051 4096 ratio
1075 4039 1109 4095 ad
1132 4041 1221 4095 totius

157 4120 338 4176 multitudinis
357 4119 495 4175 numinum
512 4141 594 4180 unum
612 4134 639 4180 et
656 4125 806 4203 principale
824 4147 855 4182 se
873 4126 973 4202 dirigit,
992 4136 1072 4202 atque
1090 4128 1120 4182 iu
1131 4145 1167 4181 eo
1180 4124 1222 4182 di·

158 4207 234 4264 rinus
253 4225 346 4264 omnes
365 4207 497 4264 essentias
514 4217 542 4263 et
559 4211 726 4287 principatus
739 4210 819 4268 simul
831 4211 916 4268 colit?
943 4210 1033 4268 nullus
1045 4211 1149 4280 dubito,
1169 4208 1223 4268 sed
