<?xml version="1.0" encoding="UTF-8"?>
<!DOCTYPE html PUBLIC "-//W3C//DTD XHTML 1.0 Transitional//EN"
    "http://www.w3.org/TR/xhtml1/DTD/xhtml1-transitional.dtd">
<html xmlns="http://www.w3.org/1999/xhtml" xml:lang="en" lang="en">
 <head>
  <title>
</title>
<meta http-equiv="Content-Type" content="text/html;charset=utf-8" />
  <meta name='ocr-system' content='tesseract 3.04.00' />
  <meta name='ocr-capabilities' content='ocr_page ocr_carea ocr_par ocr_line ocrx_word'/>
</head>
<body>
  <div class='ocr_page' id='page_1' title='image "./jamblichidemyst00jambgoog_0324.png"; bbox 0 0 2776 4876; ppageno 0'>
   <div class='ocr_carea' id='block_1_1' title="bbox 205 376 1263 443">
    <p class='ocr_par' dir='ltr' id='par_1_1' title="bbox 205 376 1263 443">
     <span class='ocr_line' id='line_1_1' title="bbox 205 376 1263 443; baseline 0.002 -12"><span class='ocrx_word' id='word_1_1' title='bbox 205 379 258 443; x_wconf 78' lang='grc'><strong>4,3</strong></span> <span class='ocrx_word' id='word_1_2' title='bbox 1210 376 1263 433; x_wconf 74' lang='lat'><strong>185</strong></span> 
     </span>
    </p>
   </div>
   <div class='ocr_carea' id='block_1_2' title="bbox 154 523 1267 2220">
    <p class='ocr_par' dir='ltr' id='par_1_2' title="bbox 154 523 1267 2220">
     <span class='ocr_line' id='line_1_2' title="bbox 206 523 1263 621; baseline 0.001 -22"><span class='ocrx_word' id='word_1_3' title='bbox 206 531 249 599; x_wconf 82' lang='grc' dir='ltr'><strong>ἵν’</strong></span> <span class='ocrx_word' id='word_1_4' title='bbox 270 529 374 609; x_wconf 82' lang='grc' dir='ltr'><em>ὄντας</em></span> <span class='ocrx_word' id='word_1_5' title='bbox 394 523 416 621; x_wconf 82' lang='grc' dir='ltr'><strong><em>ᾖ</em></strong></span> <span class='ocrx_word' id='word_1_6' title='bbox 438 533 521 599; x_wconf 81' lang='grc' dir='ltr'><em>θεία</em></span> <span class='ocrx_word' id='word_1_7' title='bbox 542 535 600 598; x_wconf 85' lang='grc' dir='ltr'><strong>καὶ</strong></span> <span class='ocrx_word' id='word_1_8' title='bbox 626 530 828 621; x_wconf 76' lang='grc' dir='ltr'><strong><em>ὑπερέχουσα</em></strong></span> <span class='ocrx_word' id='word_1_9' title='bbox 855 531 971 598; x_wconf 79' lang='grc' dir='ltr'><em>πᾶσαν</em></span> <span class='ocrx_word' id='word_1_10' title='bbox 999 528 1060 613; x_wconf 78' lang='grc' dir='ltr'><em>την</em></span> <span class='ocrx_word' id='word_1_11' title='bbox 1088 555 1263 616; x_wconf 87' lang='grc' dir='ltr'><em>γιγνωσκο-</em></span> 
     </span>
     <span class='ocr_line' id='line_1_3' title="bbox 205 639 1263 731; baseline -0.001 -22"><span class='ocrx_word' id='word_1_12' title='bbox 205 649 307 731; x_wconf 81' lang='grc' dir='ltr'><em>μένην</em></span> <span class='ocrx_word' id='word_1_13' title='bbox 330 639 443 724; x_wconf 75' lang='grc' dir='ltr'><em>κοινὴν</em></span> <span class='ocrx_word' id='word_1_14' title='bbox 465 640 660 730; x_wconf 79' lang='grc' dir='ltr'><em>ἀνθρώποις</em></span> <span class='ocrx_word' id='word_1_15' title='bbox 688 639 878 729; x_wconf 77' lang='grc' dir='ltr'><em>διάπραξιν,</em></span> <span class='ocrx_word' id='word_1_16' title='bbox 909 640 1004 709; x_wconf 81' lang='grc' dir='ltr'><em>οὐδὲν</em></span> <span class='ocrx_word' id='word_1_17' title='bbox 1032 646 1098 708; x_wconf 79' lang='grc' dir='ltr'><em>τῶν</em></span> <span class='ocrx_word' id='word_1_18' title='bbox 1125 641 1263 730; x_wconf 88' lang='grc' dir='ltr'><em>άνθρω-</em></span> 
     </span>
     <span class='ocr_line' id='line_1_4' title="bbox 171 749 1262 842; baseline -0.003 -18"><span class='ocrx_word' id='word_1_19' title='bbox 171 773 185 824; x_wconf 83' lang='grc'><strong>3</strong></span> <span class='ocrx_word' id='word_1_20' title='bbox 206 758 310 823; x_wconf 84' lang='grc' dir='ltr'><em>πίνων</em></span> <span class='ocrx_word' id='word_1_21' title='bbox 331 758 435 842; x_wconf 81' lang='grc' dir='ltr'><em>ἐργων</em></span> <span class='ocrx_word' id='word_1_22' title='bbox 456 753 506 820; x_wconf 81' lang='grc' dir='ltr'><strong>ἐπ’</strong></span> <span class='ocrx_word' id='word_1_23' title='bbox 527 753 629 835; x_wconf 81' lang='grc' dir='ltr'><em>αὐτῆς</em></span> <span class='ocrx_word' id='word_1_24' title='bbox 651 751 786 841; x_wconf 81' lang='grc' dir='ltr'><em>ἁρμόζει</em></span> <span class='ocrx_word' id='word_1_25' title='bbox 802 749 988 837; x_wconf 87' lang='grc' dir='ltr'><em>λεγόμενον,</em></span> <span class='ocrx_word' id='word_1_26' title='bbox 1010 749 1084 820; x_wconf 77' lang='grc' dir='ltr'><em>οὔτε</em></span> <span class='ocrx_word' id='word_1_27' title='bbox 1106 750 1143 819; x_wconf 85' lang='grc' dir='ltr'><em>τό</em></span> <span class='ocrx_word' id='word_1_28' title='bbox 1159 776 1262 839; x_wconf 89' lang='grc' dir='ltr'><em>προσ-</em></span> 
     </span>
     <span class='ocr_line' id='line_1_5' title="bbox 206 861 1264 956; baseline -0.003 -24"><span class='ocrx_word' id='word_1_29' title='bbox 206 868 318 933; x_wconf 80' lang='grc' dir='ltr'><strong><em>καλεῖν</em></strong></span> <span class='ocrx_word' id='word_1_30' title='bbox 353 861 471 945; x_wconf 57' lang='lat' dir='ltr'><strong>ottae,</strong></span> <span class='ocrx_word' id='word_1_31' title='bbox 503 864 546 944; x_wconf 80' lang='grc' dir='ltr'><strong>ὡς</strong></span> <span class='ocrx_word' id='word_1_32' title='bbox 576 861 616 931; x_wconf 82' lang='grc' dir='ltr'><em>τά</em></span> <span class='ocrx_word' id='word_1_33' title='bbox 645 861 859 956; x_wconf 82' lang='grc' dir='ltr'><em>ἀφεστηκότα</em></span> <span class='ocrx_word' id='word_1_34' title='bbox 886 863 981 949; x_wconf 81' lang='grc' dir='ltr'><em>ἡμεῖς</em></span> <span class='ocrx_word' id='word_1_35' title='bbox 1008 861 1264 952; x_wconf 75' lang='grc' dir='ltr'><em>προσαγόμεθα,</em></span> 
     </span>
     <span class='ocr_line' id='line_1_6' title="bbox 207 972 1264 1064; baseline -0.005 -20"><span class='ocrx_word' id='word_1_36' title='bbox 207 975 281 1044; x_wconf 78' lang='grc' dir='ltr'><em>οὔτε</em></span> <span class='ocrx_word' id='word_1_37' title='bbox 303 972 342 1044; x_wconf 84' lang='grc' dir='ltr'><em>τό</em></span> <span class='ocrx_word' id='word_1_38' title='bbox 365 974 504 1044; x_wconf 78' lang='grc' dir='ltr'><strong><em>κελεύειν</em></strong></span> <span class='ocrx_word' id='word_1_39' title='bbox 526 981 677 1044; x_wconf 84' lang='grc' dir='ltr'><em>τοιοῦτον</em></span> <span class='ocrx_word' id='word_1_40' title='bbox 701 974 818 1042; x_wconf 88' lang='grc' dir='ltr'><em>ὁποῖον</em></span> <span class='ocrx_word' id='word_1_41' title='bbox 840 987 910 1052; x_wconf 80' lang='grc' dir='ltr'><em>τοῖς</em></span> <span class='ocrx_word' id='word_1_42' title='bbox 935 982 1190 1064; x_wconf 77' lang='grc' dir='ltr'><em>κεχωρισμένοις,</em></span> <span class='ocrx_word' id='word_1_43' title='bbox 1221 973 1264 1053; x_wconf 81' lang='grc' dir='ltr'><strong>ὡς</strong></span> 
     </span>
     <span class='ocr_line' id='line_1_7' title="bbox 171 1081 1265 1177; baseline -0.002 -23"><span class='ocrx_word' id='word_1_44' title='bbox 171 1094 316 1176; x_wconf 77' lang='grc' dir='ltr'><em>εέτερον</em></span> <span class='ocrx_word' id='word_1_45' title='bbox 348 1088 384 1169; x_wconf 80' lang='grc' dir='ltr'><strong>ἐξ</strong></span> <span class='ocrx_word' id='word_1_46' title='bbox 410 1093 528 1176; x_wconf 80' lang='grc' dir='ltr'><em>ἐτέρων</em></span> <span class='ocrx_word' id='word_1_47' title='bbox 557 1089 786 1177; x_wconf 75' lang='grc' dir='ltr'><strong>ἐγχειρίζομεν·</strong></span> <span class='ocrx_word' id='word_1_48' title='bbox 816 1084 838 1166; x_wconf 80' lang='grc' dir='ltr'><em>ἡ</em></span> <span class='ocrx_word' id='word_1_49' title='bbox 867 1081 951 1167; x_wconf 76' lang='grc' dir='ltr'><em>αὐτη</em></span> <span class='ocrx_word' id='word_1_50' title='bbox 981 1088 1016 1152; x_wconf 77' lang='grc' dir='ltr'><em>δέ</em></span> <span class='ocrx_word' id='word_1_51' title='bbox 1044 1111 1093 1164; x_wconf 84' lang='grc' dir='ltr'><strong>τις</strong></span> <span class='ocrx_word' id='word_1_52' title='bbox 1120 1092 1265 1176; x_wconf 79' lang='grc' dir='ltr'><em>ἐνέργεια</em></span> 
     </span>
     <span class='ocr_line' id='line_1_8' title="bbox 206 1192 1264 1288; baseline 0 -23"><span class='ocrx_word' id='word_1_53' title='bbox 206 1203 321 1277; x_wconf 82' lang='grc' dir='ltr'><em>κοινῶς</em></span> <span class='ocrx_word' id='word_1_54' title='bbox 343 1198 549 1288; x_wconf 79' lang='grc' dir='ltr'><em>αὐθαίρετος</em></span> <span class='ocrx_word' id='word_1_55' title='bbox 576 1197 790 1284; x_wconf 84' lang='grc' dir='ltr'><em>ἐλλάμπονσα</em></span> <span class='ocrx_word' id='word_1_56' title='bbox 819 1201 879 1263; x_wconf 85' lang='grc' dir='ltr'><em>τοῦ</em></span> <span class='ocrx_word' id='word_1_57' title='bbox 907 1199 1006 1263; x_wconf 86' lang='grc' dir='ltr'><em>θείου</em></span> <span class='ocrx_word' id='word_1_58' title='bbox 1032 1192 1136 1287; x_wconf 84' lang='grc' dir='ltr'><em>πυρός</em></span> <span class='ocrx_word' id='word_1_59' title='bbox 1164 1195 1264 1265; x_wconf 84' lang='grc' dir='ltr'><em>αὐτό-</em></span> 
     </span>
     <span class='ocr_line' id='line_1_9' title="bbox 208 1303 1264 1399; baseline 0 -24"><span class='ocrx_word' id='word_1_60' title='bbox 208 1308 328 1392; x_wconf 82' lang='grc' dir='ltr'><em>κλητός</em></span> <span class='ocrx_word' id='word_1_61' title='bbox 356 1335 390 1377; x_wconf 93' lang='grc' dir='ltr'><strong>τε</strong></span> <span class='ocrx_word' id='word_1_62' title='bbox 419 1315 475 1378; x_wconf 83' lang='grc' dir='ltr'><strong>καὶ</strong></span> <span class='ocrx_word' id='word_1_63' title='bbox 504 1310 739 1399; x_wconf 80' lang='grc' dir='ltr'><em>αὐτενέργητος</em></span> <span class='ocrx_word' id='word_1_64' title='bbox 767 1306 810 1374; x_wconf 79' lang='grc' dir='ltr'><em>δι’</em></span> <span class='ocrx_word' id='word_1_65' title='bbox 836 1303 923 1375; x_wconf 86' lang='grc' dir='ltr'><em>ὅλων</em></span> <span class='ocrx_word' id='word_1_66' title='bbox 952 1305 1106 1386; x_wconf 83' lang='grc' dir='ltr'><em>ὡσαύτως</em></span> <span class='ocrx_word' id='word_1_67' title='bbox 1134 1315 1264 1397; x_wconf 85' lang='grc' dir='ltr'><em>ἐνεργεῖ,</em></span> 
     </span>
     <span class='ocr_line' id='line_1_10' title="bbox 173 1416 1265 1508; baseline -0.003 -18"><span class='ocrx_word' id='word_1_68' title='bbox 173 1424 273 1490; x_wconf 73' lang='grc' dir='ltr'><em>ἐτῶν</em></span> <span class='ocrx_word' id='word_1_69' title='bbox 301 1419 544 1507; x_wconf 82' lang='grc' dir='ltr'><strong>μεταδιδόντων</strong></span> <span class='ocrx_word' id='word_1_70' title='bbox 573 1421 659 1508; x_wconf 87' lang='grc' dir='ltr'><em>ὁμοῦ</em></span> <span class='ocrx_word' id='word_1_71' title='bbox 687 1423 744 1487; x_wconf 81' lang='grc' dir='ltr'><strong>καὶ</strong></span> <span class='ocrx_word' id='word_1_72' title='bbox 770 1421 838 1486; x_wconf 83' lang='grc' dir='ltr'><em>τῶν</em></span> <span class='ocrx_word' id='word_1_73' title='bbox 867 1416 1135 1506; x_wconf 77' lang='grc' dir='ltr'><em>μεταλαμβάνειν</em></span> <span class='ocrx_word' id='word_1_74' title='bbox 1163 1418 1265 1501; x_wconf 81' lang='grc' dir='ltr'><em>αὐτῆς</em></span> 
     </span>
     <span class='ocr_line' id='line_1_11' title="bbox 208 1533 406 1618; baseline 0.01 -20"><span class='ocrx_word' id='word_1_75' title='bbox 208 1533 406 1618; x_wconf 83' lang='grc' dir='ltr'><em>δνναμένων.</em></span> 
     </span>
     <span class='ocr_line' id='line_1_12' title="bbox 296 1636 1265 1732; baseline -0.002 -22"><span class='ocrx_word' id='word_1_76' title='bbox 296 1638 396 1712; x_wconf 78' lang='grc' dir='ltr'><em>Πολι)</em></span> <span class='ocrx_word' id='word_1_77' title='bbox 419 1641 460 1725; x_wconf 75' lang='grc' dir='ltr'><strong>δὴ</strong></span> <span class='ocrx_word' id='word_1_78' title='bbox 484 1636 544 1711; x_wconf 81' lang='grc' dir='ltr'><strong>οὖν</strong></span> <span class='ocrx_word' id='word_1_79' title='bbox 566 1639 714 1732; x_wconf 86' lang='grc' dir='ltr'><em>κρεῖττόν</em></span> <span class='ocrx_word' id='word_1_80' title='bbox 737 1649 807 1709; x_wconf 83' lang='grc' dir='ltr'><em>ἐστι</em></span> <span class='ocrx_word' id='word_1_81' title='bbox 834 1637 874 1709; x_wconf 88' lang='grc' dir='ltr'><em>τό</em></span> <span class='ocrx_word' id='word_1_82' title='bbox 903 1644 975 1710; x_wconf 83' lang='grc' dir='ltr'><strong><em>νυνὶ</em></strong></span> <span class='ocrx_word' id='word_1_83' title='bbox 1006 1639 1198 1728; x_wconf 85' lang='grc' dir='ltr'><em>λεγόμενον,</em></span> <span class='ocrx_word' id='word_1_84' title='bbox 1225 1638 1265 1708; x_wconf 85' lang='grc' dir='ltr'><em>τό</em></span> 
     </span>
     <span class='ocr_line' id='line_1_13' title="bbox 156 1749 1266 1843; baseline -0.003 -21"><span class='ocrx_word' id='word_1_85' title='bbox 156 1772 190 1822; x_wconf 80' lang='lat'><strong>12</strong></span> <span class='ocrx_word' id='word_1_86' title='bbox 207 1751 254 1840; x_wconf 76' lang='grc' dir='ltr'><strong>μὴ</strong></span> <span class='ocrx_word' id='word_1_87' title='bbox 277 1754 321 1821; x_wconf 84' lang='grc' dir='ltr'><em>δι’</em></span> <span class='ocrx_word' id='word_1_88' title='bbox 340 1753 559 1834; x_wconf 72' lang='grc' dir='ltr'><em>ἐναντιώσεως</em></span> <span class='ocrx_word' id='word_1_89' title='bbox 580 1750 602 1837; x_wconf 80' lang='grc' dir='ltr'><em>ἢ</em></span> <span class='ocrx_word' id='word_1_90' title='bbox 625 1750 868 1843; x_wconf 81' lang='grc' dir='ltr'><em>διαφορότητος</em></span> <span class='ocrx_word' id='word_1_91' title='bbox 882 1751 1124 1819; x_wconf 74' lang='grc' dir='ltr'><em>ἀποτελεῖσθαι</em></span> <span class='ocrx_word' id='word_1_92' title='bbox 1142 1749 1185 1819; x_wconf 86' lang='grc' dir='ltr'><em>τά</em></span> <span class='ocrx_word' id='word_1_93' title='bbox 1200 1756 1266 1819; x_wconf 80' lang='grc' dir='ltr'><em>τῶν</em></span> 
     </span>
     <span class='ocr_line' id='line_1_14' title="bbox 210 1859 1266 1956; baseline -0.001 -25"><span class='ocrx_word' id='word_1_94' title='bbox 210 1869 302 1935; x_wconf 84' lang='grc' dir='ltr'><em>θεῶν</em></span> <span class='ocrx_word' id='word_1_95' title='bbox 324 1871 414 1956; x_wconf 70' lang='grc' dir='ltr'><em>ἔργα,</em></span> <span class='ocrx_word' id='word_1_96' title='bbox 445 1864 552 1955; x_wconf 85' lang='grc' dir='ltr'><em>ὥσπερ</em></span> <span class='ocrx_word' id='word_1_97' title='bbox 576 1861 616 1945; x_wconf 80' lang='grc' dir='ltr'><strong>δὴ</strong></span> <span class='ocrx_word' id='word_1_98' title='bbox 639 1859 682 1931; x_wconf 83' lang='grc' dir='ltr'><em>τά</em></span> <span class='ocrx_word' id='word_1_99' title='bbox 703 1860 883 1950; x_wconf 90' lang='grc' dir='ltr'><em>γιγνόμενα</em></span> <span class='ocrx_word' id='word_1_100' title='bbox 905 1864 1025 1931; x_wconf 83' lang='grc' dir='ltr'><em>ε’ίωθεν</em></span> <span class='ocrx_word' id='word_1_101' title='bbox 1047 1868 1266 1952; x_wconf 89' lang='grc' dir='ltr'><em>ἐνεργεῖσθαι,</em></span> 
     </span>
     <span class='ocr_line' id='line_1_15' title="bbox 154 1970 1266 2069; baseline 0 -25"><span class='ocrx_word' id='word_1_102' title='bbox 154 2054 164 2069; x_wconf 75' lang='lat'><strong><em>.</em></strong></span> <span class='ocrx_word' id='word_1_103' title='bbox 207 1974 384 2058; x_wconf 83' lang='grc' dir='ltr'><em>ταύτότητι</em></span> <span class='ocrx_word' id='word_1_104' title='bbox 407 1981 441 2045; x_wconf 89' lang='grc' dir='ltr'><em>δέ</em></span> <span class='ocrx_word' id='word_1_105' title='bbox 463 1983 519 2044; x_wconf 86' lang='grc' dir='ltr'><strong>καὶ</strong></span> <span class='ocrx_word' id='word_1_106' title='bbox 541 1973 654 2044; x_wconf 85' lang='grc' dir='ltr'><em>ἐνάσεε</em></span> <span class='ocrx_word' id='word_1_107' title='bbox 675 1979 732 2042; x_wconf 83' lang='grc' dir='ltr'><strong>καὶ</strong></span> <span class='ocrx_word' id='word_1_108' title='bbox 756 1974 919 2062; x_wconf 77' lang='grc' dir='ltr'><em>ὁμολογίᾳ</em></span> <span class='ocrx_word' id='word_1_109' title='bbox 941 1970 980 2041; x_wconf 85' lang='grc' dir='ltr'><em>τό</em></span> <span class='ocrx_word' id='word_1_110' title='bbox 1009 1979 1078 2042; x_wconf 86' lang='grc' dir='ltr'><strong>πᾶν</strong></span> <span class='ocrx_word' id='word_1_111' title='bbox 1105 1979 1202 2063; x_wconf 78' lang='grc' dir='ltr'><em>ἔργον</em></span> <span class='ocrx_word' id='word_1_112' title='bbox 1231 1983 1266 2044; x_wconf 89' lang='grc' dir='ltr'><strong>ἐν</strong></span> 
     </span>
     <span class='ocr_line' id='line_1_16' title="bbox 158 2078 1267 2175; baseline 0.004 -24"><span class='ocrx_word' id='word_1_113' title='bbox 158 2102 189 2152; x_wconf 83' lang='lat'><strong>15</strong></span> <span class='ocrx_word' id='word_1_114' title='bbox 209 2087 323 2165; x_wconf 79' lang='grc' dir='ltr'><em>αὐτοῖς</em></span> <span class='ocrx_word' id='word_1_115' title='bbox 344 2089 615 2175; x_wconf 82' lang='grc' dir='ltr'><em>κατορθοῦσθαι.</em></span> <span class='ocrx_word' id='word_1_116' title='bbox 654 2081 713 2151; x_wconf 80' lang='grc' dir='ltr'><strong>ἐὰν</strong></span> <span class='ocrx_word' id='word_1_117' title='bbox 735 2089 796 2172; x_wconf 82' lang='grc' dir='ltr'><strong>μὲν</strong></span> <span class='ocrx_word' id='word_1_118' title='bbox 811 2078 870 2153; x_wconf 80' lang='grc' dir='ltr'><strong>οὖν</strong></span> <span class='ocrx_word' id='word_1_119' title='bbox 884 2080 1043 2165; x_wconf 70' lang='lat' dir='ltr'><strong>solodori</strong></span> <span class='ocrx_word' id='word_1_120' title='bbox 1060 2084 1267 2173; x_wconf 81' lang='grc' dir='ltr'><em>καλούμενον</em></span> 
     </span>
     <span class='ocr_line' id='line_1_17' title="bbox 217 2194 230 2220; baseline 0 0"><span class='ocrx_word' id='word_1_121' title='bbox 217 2194 230 2220; x_wconf 62' lang='grc' dir='ltr'><em>,ι</em></span> 
     </span>
    </p>
   </div>
   <div class='ocr_carea' id='block_1_3' title="bbox 208 2190 1267 2400">
    <p class='ocr_par' dir='ltr' id='par_1_3' title="bbox 208 2190 1267 2400">
     <span class='ocr_line' id='line_1_18' title="bbox 208 2190 1267 2286; baseline 0.002 -22"><span class='ocrx_word' id='word_1_122' title='bbox 208 2224 229 2278; x_wconf 87' lang='grc' dir='ltr'><em>η</em></span> <span class='ocrx_word' id='word_1_123' title='bbox 252 2195 426 2264; x_wconf 81' lang='grc' dir='ltr'><em>ἐπιτάττον</em></span> <span class='ocrx_word' id='word_1_124' title='bbox 448 2191 471 2276; x_wconf 80' lang='grc' dir='ltr'><em>ἢ</em></span> <span class='ocrx_word' id='word_1_125' title='bbox 492 2192 748 2282; x_wconf 86' lang='grc' dir='ltr'><em>ἐπιταττόμενον</em></span> <span class='ocrx_word' id='word_1_126' title='bbox 776 2190 800 2276; x_wconf 78' lang='grc' dir='ltr'><em>ἢ</em></span> <span class='ocrx_word' id='word_1_127' title='bbox 821 2208 970 2282; x_wconf 86' lang='grc' dir='ltr'><em>κρεῖττον</em></span> <span class='ocrx_word' id='word_1_128' title='bbox 999 2190 1023 2275; x_wconf 70' lang='lat' dir='ltr'><strong>ri</strong></span> <span class='ocrx_word' id='word_1_129' title='bbox 1042 2209 1155 2286; x_wconf 86' lang='grc' dir='ltr'><em>χεῖρον</em></span> <span class='ocrx_word' id='word_1_130' title='bbox 1186 2201 1267 2265; x_wconf 89' lang='grc' dir='ltr'><em>διαι-</em></span> 
     </span>
     <span class='ocr_line' id='line_1_19' title="bbox 210 2302 1267 2400; baseline 0.002 -26"><span class='ocrx_word' id='word_1_131' title='bbox 210 2312 333 2400; x_wconf 67' lang='grc' dir='ltr'><em>ροῖμεν,</em></span> <span class='ocrx_word' id='word_1_132' title='bbox 367 2305 428 2390; x_wconf 80' lang='grc' dir='ltr'><em>την</em></span> <span class='ocrx_word' id='word_1_133' title='bbox 456 2309 522 2374; x_wconf 78' lang='grc' dir='ltr'><em>τῶν</em></span> <span class='ocrx_word' id='word_1_134' title='bbox 553 2310 710 2392; x_wconf 81' lang='grc' dir='ltr'><em>γενέσεων</em></span> <span class='ocrx_word' id='word_1_135' title='bbox 739 2311 792 2372; x_wconf 81' lang='grc' dir='ltr'><strong>ἐπὶ</strong></span> <span class='ocrx_word' id='word_1_136' title='bbox 827 2302 869 2372; x_wconf 89' lang='grc' dir='ltr'><em>τά</em></span> <span class='ocrx_word' id='word_1_137' title='bbox 897 2310 962 2373; x_wconf 84' lang='grc' dir='ltr'><em>τῶν</em></span> <span class='ocrx_word' id='word_1_138' title='bbox 984 2309 1077 2373; x_wconf 79' lang='grc' dir='ltr'><em>θεῶν</em></span> <span class='ocrx_word' id='word_1_139' title='bbox 1103 2308 1267 2394; x_wconf 83' lang='grc' dir='ltr'><em>ἀγέννητα</em></span> 
     </span>
    </p>
   </div>
   <div class='ocr_carea' id='block_1_4' title="bbox 158 2413 1267 2515">
    <p class='ocr_par' dir='ltr' id='par_1_4' title="bbox 158 2413 1267 2515">
     <span class='ocr_line' id='line_1_20' title="bbox 158 2413 1267 2515; baseline 0.004 -33"><span class='ocrx_word' id='word_1_140' title='bbox 158 2430 192 2484; x_wconf 82' lang='grc'><strong>18</strong></span> <span class='ocrx_word' id='word_1_141' title='bbox 210 2416 333 2505; x_wconf 83' lang='grc' dir='ltr'><em>ἀγαθὰ</em></span> <span class='ocrx_word' id='word_1_142' title='bbox 361 2422 590 2509; x_wconf 79' lang='grc' dir='ltr'><em>μεταφέρομέν</em></span> <span class='ocrx_word' id='word_1_143' title='bbox 619 2441 687 2515; x_wconf 76' lang='grc' dir='ltr'><strong>πως</strong></span> <span class='ocrx_word' id='word_1_144' title='bbox 715 2415 944 2498; x_wconf 88' lang='grc' dir='ltr'><em>ἐναντιότητα,</em></span> <span class='ocrx_word' id='word_1_145' title='bbox 979 2413 1039 2486; x_wconf 82' lang='grc' dir='ltr'><strong>ἐὰν</strong></span> <span class='ocrx_word' id='word_1_146' title='bbox 1067 2421 1102 2486; x_wconf 77' lang='grc' dir='ltr'><strong>δὲ</strong></span> <span class='ocrx_word' id='word_1_147' title='bbox 1132 2417 1267 2486; x_wconf 87' lang='grc' dir='ltr'><em>πάντων</em></span> 
     </span>
    </p>
   </div>
   <div class='ocr_carea' id='block_1_5' title="bbox 281 2598 1266 2763">
    <p class='ocr_par' dir='ltr' id='par_1_5' title="bbox 281 2598 1266 2763">
     <span class='ocr_line' id='line_1_21' title="bbox 281 2598 1266 2671; baseline 0 -14"><span class='ocrx_word' id='word_1_148' title='bbox 281 2607 306 2657; x_wconf 84' lang='grc'><strong>5.</strong></span> <span class='ocrx_word' id='word_1_149' title='bbox 334 2602 407 2671; x_wconf 81' lang='grc' dir='ltr'><em>τοῖς]</em></span> <span class='ocrx_word' id='word_1_150' title='bbox 427 2605 462 2656; x_wconf 84' lang='lat' dir='ltr'><strong>sio</strong></span> <span class='ocrx_word' id='word_1_151' title='bbox 480 2602 559 2667; x_wconf 80' lang='lat' dir='ltr'><strong>ABG,</strong></span> <span class='ocrx_word' id='word_1_152' title='bbox 583 2623 633 2655; x_wconf 87' lang='lat' dir='ltr'><strong>om.</strong></span> <span class='ocrx_word' id='word_1_153' title='bbox 654 2603 687 2657; x_wconf 94' lang='grc'><strong>0.</strong></span> <span class='ocrx_word' id='word_1_154' title='bbox 764 2607 787 2656; x_wconf 75' lang='lat'><strong>7.</strong></span> <span class='ocrx_word' id='word_1_155' title='bbox 801 2605 827 2656; x_wconf 85' lang='lat'><strong>8.</strong></span> <span class='ocrx_word' id='word_1_156' title='bbox 855 2598 1026 2664; x_wconf 80' lang='grc' dir='ltr'><em>αὖτόιιλειτος</em></span> <span class='ocrx_word' id='word_1_157' title='bbox 1044 2604 1076 2657; x_wconf 87' lang='grc' dir='ltr'><strong>Β.</strong></span> <span class='ocrx_word' id='word_1_158' title='bbox 1148 2605 1173 2657; x_wconf 85' lang='grc'><strong>8.</strong></span> <span class='ocrx_word' id='word_1_159' title='bbox 1201 2601 1266 2658; x_wconf 79' lang='grc' dir='ltr'><em>ἀντ-</em></span> 
     </span>
     <span class='ocr_line' id='line_1_22' title="bbox 281 2687 1046 2763; baseline -0.001 -20"><span class='ocrx_word' id='word_1_160' title='bbox 281 2696 416 2763; x_wconf 73' lang='grc' dir='ltr'><em>ενέργητος</em></span> <span class='ocrx_word' id='word_1_161' title='bbox 434 2691 467 2744; x_wconf 91' lang='grc'><strong>0.</strong></span> <span class='ocrx_word' id='word_1_162' title='bbox 541 2692 582 2743; x_wconf 84' lang='grc'><strong>11.</strong></span> <span class='ocrx_word' id='word_1_163' title='bbox 609 2687 657 2758; x_wconf 74' lang='grc' dir='ltr'><strong>δὴ]</strong></span> <span class='ocrx_word' id='word_1_164' title='bbox 677 2691 704 2742; x_wconf 77' lang='grc' dir='ltr'><em>δέ</em></span> <span class='ocrx_word' id='word_1_165' title='bbox 721 2689 756 2743; x_wconf 88' lang='lat' dir='ltr'><strong>D.</strong></span> <span class='ocrx_word' id='word_1_166' title='bbox 830 2692 871 2744; x_wconf 78' lang='lat'><strong>15.</strong></span> <span class='ocrx_word' id='word_1_167' title='bbox 896 2687 994 2742; x_wconf 79' lang='grc' dir='ltr'><em>λαλοῦν</em></span> <span class='ocrx_word' id='word_1_168' title='bbox 1013 2691 1046 2742; x_wconf 86' lang='grc' dir='ltr'><strong>Α.</strong></span> 
     </span>
    </p>
   </div>
   <div class='ocr_carea' id='block_1_6' title="bbox 210 2866 1270 4328">
    <p class='ocr_par' dir='ltr' id='par_1_6' title="bbox 210 2866 1270 4328">
     <span class='ocr_line' id='line_1_23' title="bbox 210 2866 1267 2947; baseline 0.002 -23"><span class='ocrx_word' id='word_1_169' title='bbox 210 2868 243 2924; x_wconf 93' lang='lat' dir='ltr'><strong>ad</strong></span> <span class='ocrx_word' id='word_1_170' title='bbox 262 2867 437 2936; x_wconf 80' lang='lat' dir='ltr'><strong>sacerdotem,</strong></span> <span class='ocrx_word' id='word_1_171' title='bbox 456 2886 562 2924; x_wconf 86' lang='lat' dir='ltr'><strong>omnem</strong></span> <span class='ocrx_word' id='word_1_172' title='bbox 579 2886 716 2924; x_wconf 87' lang='lat' dir='ltr'><strong>sacrorum</strong></span> <span class='ocrx_word' id='word_1_173' title='bbox 734 2869 916 2946; x_wconf 75' lang='lat' dir='ltr'><strong>operationem</strong></span> <span class='ocrx_word' id='word_1_174' title='bbox 933 2869 1062 2937; x_wconf 83' lang='lat' dir='ltr'><strong>eontinet,</strong></span> <span class='ocrx_word' id='word_1_175' title='bbox 1081 2866 1188 2925; x_wconf 86' lang='lat' dir='ltr'><strong>uthaec</strong></span> <span class='ocrx_word' id='word_1_176' title='bbox 1205 2888 1267 2947; x_wconf 90' lang='lat' dir='ltr'><strong>ope-</strong></span> 
     </span>
     <span class='ocr_line' id='line_1_24' title="bbox 210 2952 1268 3030; baseline 0.001 -19"><span class='ocrx_word' id='word_1_177' title='bbox 210 2956 278 3011; x_wconf 89' lang='lat' dir='ltr'><strong>ratio</strong></span> <span class='ocrx_word' id='word_1_178' title='bbox 297 2974 361 3010; x_wconf 82' lang='lat' dir='ltr'><strong>rere</strong></span> <span class='ocrx_word' id='word_1_179' title='bbox 379 2952 469 3012; x_wconf 82' lang='lat' dir='ltr'><strong>divina</strong></span> <span class='ocrx_word' id='word_1_180' title='bbox 487 2955 524 3010; x_wconf 91' lang='lat' dir='ltr'><strong>sit</strong></span> <span class='ocrx_word' id='word_1_181' title='bbox 542 2973 700 3030; x_wconf 88' lang='lat' dir='ltr'><strong>omnemque</strong></span> <span class='ocrx_word' id='word_1_182' title='bbox 719 2956 851 3010; x_wconf 83' lang='lat' dir='ltr'><strong>actionem</strong></span> <span class='ocrx_word' id='word_1_183' title='bbox 868 2952 1021 3011; x_wconf 88' lang='lat' dir='ltr'><strong>homiuibus</strong></span> <span class='ocrx_word' id='word_1_184' title='bbox 1039 2965 1131 3011; x_wconf 91' lang='lat' dir='ltr'><strong>notam</strong></span> <span class='ocrx_word' id='word_1_185' title='bbox 1151 2965 1179 3010; x_wconf 89' lang='lat' dir='ltr'><strong>et</strong></span> <span class='ocrx_word' id='word_1_186' title='bbox 1196 2975 1268 3013; x_wconf 89' lang='lat' dir='ltr'><strong>com·</strong></span> 
     </span>
     <span class='ocr_line' id='line_1_25' title="bbox 210 3037 1267 3117; baseline 0.002 -20"><span class='ocrx_word' id='word_1_187' title='bbox 210 3061 316 3097; x_wconf 90' lang='lat' dir='ltr'><strong>munem</strong></span> <span class='ocrx_word' id='word_1_188' title='bbox 334 3039 460 3109; x_wconf 84' lang='lat' dir='ltr'><strong>excellat,</strong></span> <span class='ocrx_word' id='word_1_189' title='bbox 488 3039 556 3097; x_wconf 87' lang='lat' dir='ltr'>nihil</span> <span class='ocrx_word' id='word_1_190' title='bbox 573 3039 681 3097; x_wconf 86' lang='lat' dir='ltr'><strong>humaui</strong></span> <span class='ocrx_word' id='word_1_191' title='bbox 699 3037 761 3096; x_wconf 88' lang='lat' dir='ltr'><strong>huic</strong></span> <span class='ocrx_word' id='word_1_192' title='bbox 784 3051 926 3116; x_wconf 83' lang='lat' dir='ltr'><strong>congruet3</strong></span> <span class='ocrx_word' id='word_1_193' title='bbox 949 3050 1029 3117; x_wconf 86' lang='lat' dir='ltr'><strong>atque</strong></span> <span class='ocrx_word' id='word_1_194' title='bbox 1052 3040 1118 3096; x_wconf 90' lang='lat' dir='ltr'><strong>adeo</strong></span> <span class='ocrx_word' id='word_1_195' title='bbox 1140 3042 1267 3099; x_wconf 80' lang='lat' dir='ltr'><strong>sacerdos</strong></span> 
     </span>
     <span class='ocr_line' id='line_1_26' title="bbox 211 3124 1269 3202; baseline -0.001 -18"><span class='ocrx_word' id='word_1_196' title='bbox 211 3130 264 3184; x_wconf 91' lang='lat' dir='ltr'><strong>iam</strong></span> <span class='ocrx_word' id='word_1_197' title='bbox 281 3147 379 3184; x_wconf 87' lang='lat' dir='ltr'><strong>numen</strong></span> <span class='ocrx_word' id='word_1_198' title='bbox 398 3126 547 3185; x_wconf 83' lang='lat' dir='ltr'><strong>invocando</strong></span> <span class='ocrx_word' id='word_1_199' title='bbox 566 3147 620 3183; x_wconf 93' lang='lat' dir='ltr'><strong>nou</strong></span> <span class='ocrx_word' id='word_1_200' title='bbox 642 3125 671 3182; x_wconf 92' lang='lat' dir='ltr'><strong>id</strong></span> <span class='ocrx_word' id='word_1_201' title='bbox 689 3125 753 3182; x_wconf 82' lang='lat' dir='ltr'><strong>iacit</strong></span> <span class='ocrx_word' id='word_1_202' title='bbox 770 3128 810 3182; x_wconf 86' lang='lat' dir='ltr'><strong>uti</strong></span> <span class='ocrx_word' id='word_1_203' title='bbox 828 3145 887 3195; x_wconf 80' lang='lat' dir='ltr'><strong>uos,</strong></span> <span class='ocrx_word' id='word_1_204' title='bbox 912 3146 972 3182; x_wconf 88' lang='lat' dir='ltr'><strong>eum</strong></span> <span class='ocrx_word' id='word_1_205' title='bbox 990 3124 1092 3202; x_wconf 87' lang='lat' dir='ltr'><strong>aliquid</strong></span> <span class='ocrx_word' id='word_1_206' title='bbox 1109 3125 1213 3182; x_wconf 77' lang='lat' dir='ltr'><strong>distarm</strong></span> <span class='ocrx_word' id='word_1_207' title='bbox 1231 3138 1269 3183; x_wconf 69' lang='lat' dir='ltr'><strong>at»</strong></span> 
     </span>
     <span class='ocr_line' id='line_1_27' title="bbox 211 3212 1269 3292; baseline 0 -21"><span class='ocrx_word' id='word_1_208' title='bbox 211 3213 354 3282; x_wconf 85' lang='lat' dir='ltr'><strong>trahimus,</strong></span> <span class='ocrx_word' id='word_1_209' title='bbox 379 3224 407 3271; x_wconf 91' lang='lat' dir='ltr'><strong>et</strong></span> <span class='ocrx_word' id='word_1_210' title='bbox 425 3235 486 3271; x_wconf 90' lang='lat' dir='ltr'><strong>cum</strong></span> <span class='ocrx_word' id='word_1_211' title='bbox 504 3216 529 3270; x_wconf 89' lang='lat' dir='ltr'><strong>ei</strong></span> <span class='ocrx_word' id='word_1_212' title='bbox 547 3215 661 3292; x_wconf 85' lang='lat' dir='ltr'><strong>imperat</strong></span> <span class='ocrx_word' id='word_1_213' title='bbox 678 3232 732 3268; x_wconf 90' lang='lat' dir='ltr'><strong>non</strong></span> <span class='ocrx_word' id='word_1_214' title='bbox 752 3222 794 3268; x_wconf 90' lang='lat' dir='ltr'><strong>est</strong></span> <span class='ocrx_word' id='word_1_215' title='bbox 811 3212 923 3291; x_wconf 87' lang='lat' dir='ltr'><strong>perinde</strong></span> <span class='ocrx_word' id='word_1_216' title='bbox 947 3232 978 3268; x_wconf 92' lang='lat' dir='ltr'><strong>ac</strong></span> <span class='ocrx_word' id='word_1_217' title='bbox 1001 3214 1024 3267; x_wconf 88' lang='lat' dir='ltr'><strong>si</strong></span> <span class='ocrx_word' id='word_1_218' title='bbox 1048 3215 1191 3290; x_wconf 89' lang='lat' dir='ltr'><strong>separatim</strong></span> <span class='ocrx_word' id='word_1_219' title='bbox 1214 3216 1269 3271; x_wconf 82' lang='lat' dir='ltr'><strong>exi·</strong></span> 
     </span>
     <span class='ocr_line' id='line_1_28' title="bbox 212 3296 1270 3376; baseline -0.003 -19"><span class='ocrx_word' id='word_1_220' title='bbox 212 3302 295 3357; x_wconf 88' lang='lat' dir='ltr'><strong>steuti</strong></span> <span class='ocrx_word' id='word_1_221' title='bbox 313 3301 398 3364; x_wconf 86' lang='lat' dir='ltr'><strong>ficret,</strong></span> <span class='ocrx_word' id='word_1_222' title='bbox 417 3303 456 3357; x_wconf 92' lang='lat' dir='ltr'><strong>uti</strong></span> <span class='ocrx_word' id='word_1_223' title='bbox 474 3321 525 3357; x_wconf 89' lang='lat' dir='ltr'><strong>uos</strong></span> <span class='ocrx_word' id='word_1_224' title='bbox 543 3298 616 3356; x_wconf 89' lang='lat' dir='ltr'><strong>aliud</strong></span> <span class='ocrx_word' id='word_1_225' title='bbox 634 3319 667 3356; x_wconf 84' lang='lat' dir='ltr'><strong>ex</strong></span> <span class='ocrx_word' id='word_1_226' title='bbox 685 3297 746 3355; x_wconf 89' lang='lat' dir='ltr'><strong>aliis</strong></span> <span class='ocrx_word' id='word_1_227' title='bbox 759 3299 937 3376; x_wconf 79' lang='lat' dir='ltr'><strong>&#39;aggredimur3</strong></span> <span class='ocrx_word' id='word_1_228' title='bbox 956 3296 1006 3354; x_wconf 92' lang='lat' dir='ltr'><strong>sed</strong></span> <span class='ocrx_word' id='word_1_229' title='bbox 1022 3318 1074 3353; x_wconf 91' lang='lat' dir='ltr'><strong>una</strong></span> <span class='ocrx_word' id='word_1_230' title='bbox 1087 3298 1216 3374; x_wconf 87' lang='lat' dir='ltr'><strong>quaedam</strong></span> <span class='ocrx_word' id='word_1_231' title='bbox 1227 3308 1270 3355; x_wconf 85' lang='lat' dir='ltr'><strong>cst</strong></span> 
     </span>
     <span class='ocr_line' id='line_1_29' title="bbox 212 3381 1270 3464; baseline -0.005 -20"><span class='ocrx_word' id='word_1_232' title='bbox 212 3388 357 3464; x_wconf 87' lang='lat' dir='ltr'><strong>eademque</strong></span> <span class='ocrx_word' id='word_1_233' title='bbox 375 3389 525 3444; x_wconf 89' lang='lat' dir='ltr'><strong>communis</strong></span> <span class='ocrx_word' id='word_1_234' title='bbox 543 3385 628 3443; x_wconf 79' lang='lat' dir='ltr'><strong>divini</strong></span> <span class='ocrx_word' id='word_1_235' title='bbox 647 3386 715 3462; x_wconf 86' lang='lat' dir='ltr'><strong>iguis</strong></span> <span class='ocrx_word' id='word_1_236' title='bbox 734 3388 813 3453; x_wconf 88' lang='lat' dir='ltr'><strong>actio,</strong></span> <span class='ocrx_word' id='word_1_237' title='bbox 833 3405 901 3462; x_wconf 85' lang='lat' dir='ltr'><strong>quae</strong></span> <span class='ocrx_word' id='word_1_238' title='bbox 913 3393 1059 3463; x_wconf 86' lang='lat' dir='ltr'><strong>spontanea</strong></span> <span class='ocrx_word' id='word_1_239' title='bbox 1071 3381 1145 3439; x_wconf 90' lang='lat' dir='ltr'><strong>nullo</strong></span> <span class='ocrx_word' id='word_1_240' title='bbox 1158 3382 1211 3438; x_wconf 89' lang='lat' dir='ltr'><strong>alio</strong></span> <span class='ocrx_word' id='word_1_241' title='bbox 1223 3404 1270 3442; x_wconf 84' lang='lat' dir='ltr'><strong>vc·</strong></span> 
     </span>
     <span class='ocr_line' id='line_1_30' title="bbox 212 3470 1269 3550; baseline -0.004 -20"><span class='ocrx_word' id='word_1_242' title='bbox 212 3484 290 3531; x_wconf 88' lang='lat' dir='ltr'><strong>cante</strong></span> <span class='ocrx_word' id='word_1_243' title='bbox 307 3484 353 3530; x_wconf 92' lang='lat' dir='ltr'><strong>aut</strong></span> <span class='ocrx_word' id='word_1_244' title='bbox 371 3475 498 3529; x_wconf 84' lang='lat' dir='ltr'><strong>incitante</strong></span> <span class='ocrx_word' id='word_1_245' title='bbox 516 3471 636 3550; x_wconf 78' lang='lat' dir='ltr'><strong>refulget,</strong></span> <span class='ocrx_word' id='word_1_246' title='bbox 656 3473 764 3548; x_wconf 82' lang='lat' dir='ltr'><strong>agitque</strong></span> <span class='ocrx_word' id='word_1_247' title='bbox 782 3472 877 3528; x_wconf 90' lang='lat' dir='ltr'><strong>eodem</strong></span> <span class='ocrx_word' id='word_1_248' title='bbox 895 3470 975 3528; x_wconf 91' lang='lat' dir='ltr'><strong>modo</strong></span> <span class='ocrx_word' id='word_1_249' title='bbox 992 3471 1151 3548; x_wconf 84' lang='lat' dir='ltr'><strong>peremnia,</strong></span> <span class='ocrx_word' id='word_1_250' title='bbox 1170 3479 1226 3525; x_wconf 91' lang='lat' dir='ltr'><strong>tum</strong></span> <span class='ocrx_word' id='word_1_251' title='bbox 1238 3491 1269 3526; x_wconf 86' lang='lat' dir='ltr'><strong>ca</strong></span> 
     </span>
     <span class='ocr_line' id='line_1_31' title="bbox 213 3556 1214 3636; baseline -0.003 -21"><span class='ocrx_word' id='word_1_252' title='bbox 213 3581 280 3636; x_wconf 89' lang='lat' dir='ltr'><strong>quae</strong></span> <span class='ocrx_word' id='word_1_253' title='bbox 298 3559 363 3616; x_wconf 91' lang='lat' dir='ltr'><strong>dant</strong></span> <span class='ocrx_word' id='word_1_254' title='bbox 380 3568 437 3615; x_wconf 88' lang='lat' dir='ltr'><strong>tum</strong></span> <span class='ocrx_word' id='word_1_255' title='bbox 455 3578 486 3613; x_wconf 91' lang='lat' dir='ltr'><strong>ea</strong></span> <span class='ocrx_word' id='word_1_256' title='bbox 505 3577 572 3633; x_wconf 86' lang='lat' dir='ltr'><strong>quae</strong></span> <span class='ocrx_word' id='word_1_257' title='bbox 590 3557 623 3613; x_wconf 86' lang='lat' dir='ltr'><strong>ad</strong></span> <span class='ocrx_word' id='word_1_258' title='bbox 642 3558 826 3635; x_wconf 86' lang='lat' dir='ltr'><strong>recipiendum</strong></span> <span class='ocrx_word' id='word_1_259' title='bbox 844 3558 877 3614; x_wconf 91' lang='lat' dir='ltr'><strong>ab</strong></span> <span class='ocrx_word' id='word_1_260' title='bbox 895 3579 925 3613; x_wconf 86' lang='lat' dir='ltr'><strong>ea</strong></span> <span class='ocrx_word' id='word_1_261' title='bbox 944 3556 1046 3633; x_wconf 89' lang='lat' dir='ltr'><strong>aliquid</strong></span> <span class='ocrx_word' id='word_1_262' title='bbox 1064 3564 1125 3634; x_wconf 87' lang='lat' dir='ltr'><strong>apta</strong></span> <span class='ocrx_word' id='word_1_263' title='bbox 1144 3565 1214 3612; x_wconf 90' lang='lat' dir='ltr'><strong>suut.</strong></span> 
     </span>
     <span class='ocr_line' id='line_1_32' title="bbox 283 3640 1269 3722; baseline -0.001 -22"><span class='ocrx_word' id='word_1_264' title='bbox 283 3645 335 3700; x_wconf 88' lang='lat' dir='ltr'><strong>Est</strong></span> <span class='ocrx_word' id='word_1_265' title='bbox 352 3645 433 3720; x_wconf 89' lang='lat' dir='ltr'><strong>igitur</strong></span> <span class='ocrx_word' id='word_1_266' title='bbox 449 3643 495 3699; x_wconf 88' lang='lat' dir='ltr'><strong>hic</strong></span> <span class='ocrx_word' id='word_1_267' title='bbox 513 3642 609 3700; x_wconf 92' lang='lat' dir='ltr'><strong>modus</strong></span> <span class='ocrx_word' id='word_1_268' title='bbox 628 3642 815 3722; x_wconf 85' lang='lat' dir='ltr'><strong>explicationis</strong></span> <span class='ocrx_word' id='word_1_269' title='bbox 833 3647 886 3701; x_wconf 87' lang='lat' dir='ltr'><strong>iam</strong></span> <span class='ocrx_word' id='word_1_270' title='bbox 904 3642 992 3700; x_wconf 89' lang='lat' dir='ltr'><strong>dietus</strong></span> <span class='ocrx_word' id='word_1_271' title='bbox 1011 3642 1089 3720; x_wconf 91' lang='lat' dir='ltr'><strong>louge</strong></span> <span class='ocrx_word' id='word_1_272' title='bbox 1100 3640 1203 3712; x_wconf 88' lang='lat' dir='ltr'><strong>melior,</strong></span> <span class='ocrx_word' id='word_1_273' title='bbox 1223 3644 1269 3719; x_wconf 90' lang='lat' dir='ltr'><strong>qui</strong></span> 
     </span>
     <span class='ocr_line' id='line_1_33' title="bbox 214 3728 1269 3809; baseline -0.002 -21"><span class='ocrx_word' id='word_1_274' title='bbox 214 3752 268 3789; x_wconf 91' lang='lat' dir='ltr'><strong>nou</strong></span> <span class='ocrx_word' id='word_1_275' title='bbox 286 3750 336 3808; x_wconf 86' lang='lat' dir='ltr'><strong>per</strong></span> <span class='ocrx_word' id='word_1_276' title='bbox 355 3731 570 3785; x_wconf 85' lang='lat' dir='ltr'><strong>contrarietatem</strong></span> <span class='ocrx_word' id='word_1_277' title='bbox 589 3739 616 3785; x_wconf 89' lang='lat' dir='ltr'><strong>et</strong></span> <span class='ocrx_word' id='word_1_278' title='bbox 633 3751 749 3809; x_wconf 88' lang='lat' dir='ltr'><strong>pugnam</strong></span> <span class='ocrx_word' id='word_1_279' title='bbox 767 3730 857 3786; x_wconf 86' lang='lat' dir='ltr'><strong>diviua</strong></span> <span class='ocrx_word' id='word_1_280' title='bbox 870 3749 952 3807; x_wconf 87' lang='lat' dir='ltr'><strong>opera</strong></span> <span class='ocrx_word' id='word_1_281' title='bbox 963 3730 1023 3785; x_wconf 90' lang='lat' dir='ltr'><strong>fieri</strong></span> <span class='ocrx_word' id='word_1_282' title='bbox 1034 3731 1120 3806; x_wconf 92' lang='lat' dir='ltr'><strong>ponit,</strong></span> <span class='ocrx_word' id='word_1_283' title='bbox 1138 3739 1168 3784; x_wconf 91' lang='lat' dir='ltr'><strong>ut</strong></span> <span class='ocrx_word' id='word_1_284' title='bbox 1180 3728 1269 3786; x_wconf 88' lang='lat' dir='ltr'><strong>solent</strong></span> 
     </span>
     <span class='ocr_line' id='line_1_34' title="bbox 213 3815 1270 3896; baseline -0.002 -22"><span class='ocrx_word' id='word_1_285' title='bbox 213 3839 295 3896; x_wconf 87' lang='lat' dir='ltr'><strong>opera</strong></span> <span class='ocrx_word' id='word_1_286' title='bbox 314 3817 494 3892; x_wconf 82' lang='lat' dir='ltr'><strong>generationis</strong></span> <span class='ocrx_word' id='word_1_287' title='bbox 513 3817 615 3894; x_wconf 87' lang='lat' dir='ltr'><strong>perfici,</strong></span> <span class='ocrx_word' id='word_1_288' title='bbox 640 3817 689 3872; x_wconf 90' lang='lat' dir='ltr'><strong>sed</strong></span> <span class='ocrx_word' id='word_1_289' title='bbox 706 3837 756 3894; x_wconf 92' lang='lat' dir='ltr'><strong>per</strong></span> <span class='ocrx_word' id='word_1_290' title='bbox 773 3815 940 3872; x_wconf 85' lang='lat' dir='ltr'><strong>identitatem</strong></span> <span class='ocrx_word' id='word_1_291' title='bbox 957 3817 1084 3872; x_wconf 89' lang='lat' dir='ltr'><strong>unitatem</strong></span> <span class='ocrx_word' id='word_1_292' title='bbox 1108 3825 1135 3872; x_wconf 90' lang='lat' dir='ltr'><strong>et</strong></span> <span class='ocrx_word' id='word_1_293' title='bbox 1158 3836 1270 3873; x_wconf 88' lang='lat' dir='ltr'><strong>eonsen-</strong></span> 
     </span>
     <span class='ocr_line' id='line_1_35' title="bbox 213 3901 1270 3980; baseline -0.003 -19"><span class='ocrx_word' id='word_1_294' title='bbox 213 3908 318 3961; x_wconf 90' lang='lat' dir='ltr'><strong>sionem</strong></span> <span class='ocrx_word' id='word_1_295' title='bbox 336 3922 415 3958; x_wconf 90' lang='lat' dir='ltr'><strong>omne</strong></span> <span class='ocrx_word' id='word_1_296' title='bbox 433 3921 501 3979; x_wconf 89' lang='lat' dir='ltr'><strong>opus</strong></span> <span class='ocrx_word' id='word_1_297' title='bbox 519 3903 548 3957; x_wconf 95' lang='lat' dir='ltr'><strong>in</strong></span> <span class='ocrx_word' id='word_1_298' title='bbox 566 3905 651 3959; x_wconf 80' lang='lat' dir='ltr'><strong>saeris</strong></span> <span class='ocrx_word' id='word_1_299' title='bbox 669 3913 743 3959; x_wconf 87' lang='lat' dir='ltr'><strong>recte</strong></span> <span class='ocrx_word' id='word_1_300' title='bbox 761 3904 866 3958; x_wconf 88' lang='lat' dir='ltr'><strong>institui</strong></span> <span class='ocrx_word' id='word_1_301' title='bbox 889 3901 1033 3960; x_wconf 88' lang='lat' dir='ltr'><strong>contendit.</strong></span> <span class='ocrx_word' id='word_1_302' title='bbox 1080 3904 1105 3958; x_wconf 91' lang='lat' dir='ltr'><strong>si</strong></span> <span class='ocrx_word' id='word_1_303' title='bbox 1128 3905 1209 3980; x_wconf 88' lang='lat' dir='ltr'><strong>igitur</strong></span> <span class='ocrx_word' id='word_1_304' title='bbox 1232 3903 1270 3958; x_wconf 92' lang='lat' dir='ltr'><strong>di·</strong></span> 
     </span>
     <span class='ocr_line' id='line_1_36' title="bbox 213 3987 1269 4068; baseline -0.002 -21"><span class='ocrx_word' id='word_1_305' title='bbox 213 3993 379 4065; x_wconf 86' lang='lat' dir='ltr'><strong>stinguamus</strong></span> <span class='ocrx_word' id='word_1_306' title='bbox 398 3990 426 4044; x_wconf 91' lang='lat' dir='ltr'><strong>iu</strong></span> <span class='ocrx_word' id='word_1_307' title='bbox 445 3989 528 4044; x_wconf 87' lang='lat' dir='ltr'><strong>saeris</strong></span> <span class='ocrx_word' id='word_1_308' title='bbox 547 3987 582 4044; x_wconf 89' lang='lat' dir='ltr'><strong>de</strong></span> <span class='ocrx_word' id='word_1_309' title='bbox 599 4000 713 4046; x_wconf 85' lang='lat' dir='ltr'><strong>vocante</strong></span> <span class='ocrx_word' id='word_1_310' title='bbox 731 3999 759 4046; x_wconf 98' lang='lat' dir='ltr'><strong>et</strong></span> <span class='ocrx_word' id='word_1_311' title='bbox 775 3998 871 4047; x_wconf 82' lang='lat' dir='ltr'><strong>vocato</strong></span> <span class='ocrx_word' id='word_1_312' title='bbox 895 3987 929 4046; x_wconf 92' lang='lat' dir='ltr'><strong>de</strong></span> <span class='ocrx_word' id='word_1_313' title='bbox 951 3991 1099 4068; x_wconf 87' lang='lat' dir='ltr'><strong>imperante</strong></span> <span class='ocrx_word' id='word_1_314' title='bbox 1121 4000 1149 4044; x_wconf 90' lang='lat' dir='ltr'><strong>ct</strong></span> <span class='ocrx_word' id='word_1_315' title='bbox 1171 4008 1203 4044; x_wconf 90' lang='lat' dir='ltr'><strong>eo</strong></span> <span class='ocrx_word' id='word_1_316' title='bbox 1226 3990 1269 4045; x_wconf 89' lang='lat' dir='ltr'><strong>cui</strong></span> 
     </span>
     <span class='ocr_line' id='line_1_37' title="bbox 214 4072 1269 4153; baseline -0.002 -20"><span class='ocrx_word' id='word_1_317' title='bbox 214 4079 359 4153; x_wconf 86' lang='lat' dir='ltr'><strong>imperatur</strong></span> <span class='ocrx_word' id='word_1_318' title='bbox 377 4074 411 4130; x_wconf 90' lang='lat' dir='ltr'><strong>de</strong></span> <span class='ocrx_word' id='word_1_319' title='bbox 428 4072 539 4131; x_wconf 90' lang='lat' dir='ltr'><strong>meliore</strong></span> <span class='ocrx_word' id='word_1_320' title='bbox 557 4085 585 4131; x_wconf 90' lang='lat' dir='ltr'><strong>et</strong></span> <span class='ocrx_word' id='word_1_321' title='bbox 604 4075 746 4145; x_wconf 80' lang='lat' dir='ltr'><strong>deteriore,</strong></span> <span class='ocrx_word' id='word_1_322' title='bbox 766 4078 981 4133; x_wconf 84' lang='lat' dir='ltr'><strong>contrarietatem</strong></span> <span class='ocrx_word' id='word_1_323' title='bbox 999 4084 1125 4153; x_wconf 84' lang='lat' dir='ltr'><strong>quaeest</strong></span> <span class='ocrx_word' id='word_1_324' title='bbox 1146 4077 1175 4129; x_wconf 91' lang='lat' dir='ltr'><strong>in</strong></span> <span class='ocrx_word' id='word_1_325' title='bbox 1192 4094 1269 4151; x_wconf 90' lang='lat' dir='ltr'><strong>gene·</strong></span> 
     </span>
     <span class='ocr_line' id='line_1_38' title="bbox 215 4161 1269 4238; baseline 0 -21"><span class='ocrx_word' id='word_1_326' title='bbox 215 4165 321 4218; x_wconf 87' lang='lat' dir='ltr'><strong>ratione</strong></span> <span class='ocrx_word' id='word_1_327' title='bbox 340 4161 455 4218; x_wconf 88' lang='lat' dir='ltr'><strong>absurde</strong></span> <span class='ocrx_word' id='word_1_328' title='bbox 478 4162 661 4221; x_wconf 87' lang='lat' dir='ltr'><strong>adscribemus</strong></span> <span class='ocrx_word' id='word_1_329' title='bbox 684 4162 795 4220; x_wconf 88' lang='lat' dir='ltr'><strong>deorum</strong></span> <span class='ocrx_word' id='word_1_330' title='bbox 813 4163 890 4219; x_wconf 90' lang='lat' dir='ltr'><strong>bonis</strong></span> <span class='ocrx_word' id='word_1_331' title='bbox 912 4182 967 4219; x_wconf 90' lang='lat' dir='ltr'><strong>uon</strong></span> <span class='ocrx_word' id='word_1_332' title='bbox 989 4161 1135 4238; x_wconf 86' lang='lat' dir='ltr'><strong>generatis,</strong></span> <span class='ocrx_word' id='word_1_333' title='bbox 1158 4161 1181 4215; x_wconf 88' lang='lat' dir='ltr'><strong>si</strong></span> <span class='ocrx_word' id='word_1_334' title='bbox 1204 4180 1269 4217; x_wconf 83' lang='lat' dir='ltr'><strong>vero</strong></span> 
     </span>
     <span class='ocr_line' id='line_1_39' title="bbox 215 4249 1270 4328; baseline -0.001 -24"><span class='ocrx_word' id='word_1_335' title='bbox 215 4257 245 4304; x_wconf 86' lang='lat' dir='ltr'><strong>ut</strong></span> <span class='ocrx_word' id='word_1_336' title='bbox 263 4269 377 4325; x_wconf 86' lang='lat' dir='ltr'><strong>aequum</strong></span> <span class='ocrx_word' id='word_1_337' title='bbox 395 4259 437 4306; x_wconf 90' lang='lat' dir='ltr'><strong>est</strong></span> <span class='ocrx_word' id='word_1_338' title='bbox 455 4252 543 4307; x_wconf 86' lang='lat' dir='ltr'><strong>omnia</strong></span> <span class='ocrx_word' id='word_1_339' title='bbox 560 4249 624 4308; x_wconf 85' lang='lat' dir='ltr'><strong>talia</strong></span> <span class='ocrx_word' id='word_1_340' title='bbox 643 4269 709 4327; x_wconf 82' lang='lat' dir='ltr'><strong>quae</strong></span> <span class='ocrx_word' id='word_1_341' title='bbox 727 4259 824 4308; x_wconf 87' lang='lat' dir='ltr'><strong>terram</strong></span> <span class='ocrx_word' id='word_1_342' title='bbox 842 4251 950 4327; x_wconf 89' lang='lat' dir='ltr'><strong>sapiunt</strong></span> <span class='ocrx_word' id='word_1_343' title='bbox 966 4257 1174 4315; x_wconf 83' lang='lat' dir='ltr'><strong>contemnamus,</strong></span> <span class='ocrx_word' id='word_1_344' title='bbox 1197 4249 1270 4328; x_wconf 86' lang='lat' dir='ltr'><strong>quic·</strong></span> 
     </span>
    </p>
   </div>
   <div class='ocr_carea' id='block_1_7' title="bbox 0 0 1402 4876">
    <p class='ocr_par' dir='ltr' id='par_1_7' title="bbox 0 0 1402 4876">
     <span class='ocr_line' id='line_1_40' title="bbox 0 0 1402 4876; baseline 0 0"><span class='ocrx_word' id='word_1_345' title='bbox 0 0 1402 4876; x_wconf 95' lang='lat' dir='ltr'><strong> </strong></span> 
     </span>
    </p>
   </div>
  </div>
 </body>
</html>
