2776 4876
197 347 252 404 wo
1181 342 1251 407 lo,5
1293 334 1294 337 ’

197 507 297 571 τοῦτο
323 505 425 589 μηδὲν
447 505 604 594 διαφέρη,
625 504 783 568 λυσιτελεῖ
804 503 839 566 δὲ
860 507 935 577 ταῖς
956 506 1080 591 ψυχαῖς
1109 494 1149 565 τὰ
1171 523 1255 585 προ-

199 612 383 701 γινώσκειν,
412 622 504 681 ένεκα
527 615 588 680 τοῦ
611 609 724 692 σώζειν
747 608 851 689 αάτάς
872 614 929 678 καὶ
951 608 1100 695 ἀνάγειν,
1129 605 1190 690 τὴν
1219 617 1256 676 έν

198 736 273 803 ταῖς
293 729 463 810 μαντείαις
483 723 670 814 πρόγνωσιν
698 729 734 791 ὲν
761 730 877 809 μέσαις
899 721 1008 790 αὐτῶν
1029 733 1104 799 ταῖς
1125 721 1256 799 οὐσίαις
1275 736 1291 786 3

199 839 398 904 ἐκτιθέασιν.

162 956 182 1016 5
286 944 385 1016 Ἀλλά
408 952 440 1015 τί
462 951 569 1016 ταῦτα
591 944 808 1032 ἀπομηκύνω;
832 943 887 1014 διά
910 949 1041 1012 πολλῶν
1063 953 1098 1012 έν
1114 957 1185 1024 τοῖς
1199 949 1257 1030 έμ-

202 1065 356 1148 προσθεν
377 1055 416 1127 τὸ
439 1062 498 1140 τῆς
519 1062 621 1137 θείας
648 1063 807 1144 μαντικῆς
833 1053 916 1146 πρὸς
944 1055 1006 1138 τῆν
1034 1056 1293 1144 ἀνθρωπίνηνθ

201 1170 364 1251 ἐπιδείξας
378 1169 550 1257 ὑπερέχον·
573 1173 704 1255 βέλτιον
715 1160 783 1249 οὖν,
798 1165 880 1258 ὅπερ
895 1168 1045 1248 ἀπαιτεῖς
1058 1169 1138 1256 παρ’
1153 1168 1259 1253 ἡμῶν,

200 1278 262 1364 τῆν
284 1290 330 1360 είς
351 1281 564 1368 εὐδαιμονίαν
588 1277 667 1348 ὁδὸν
690 1281 848 1362 ἐπιδεῖξαί
863 1305 925 1361 σοι,
947 1285 1004 1348 καὶ
1021 1288 1057 1348 έν
1072 1285 1136 1348 τίνι
1150 1292 1258 1347 κεῖται

202 1393 222 1475 ἡ
247 1393 350 1474 αὐτῆς
373 1393 487 1461 οὐσία·
510 1390 577 1459 ἀπὸ
599 1390 664 1479 γὰρ
686 1390 806 1460 τούτου
828 1391 866 1460 τό
882 1418 915 1460 τε
931 1392 1060 1474 ἀληθὲς
1074 1392 1258 1480 εὑρίσκεται
1276 1404 1294 1453 9

201 1510 258 1572 καί
280 1503 351 1591 ἅμα
366 1502 426 1584 τάς
441 1506 585 1592 ἀπορίας
600 1504 713 1583 πάσας
725 1509 832 1572 ένεστι
845 1502 988 1572 διαλύειν
1003 1505 1135 1590 ῥηιδίως.
1173 1508 1257 1590 λέγω

199 1621 323 1694 τοίνυν,
344 1616 387 1696 ὡς
409 1617 428 1685 ὁ
452 1614 579 1695 θεατὰς
599 1615 779 1703 νοούμενος
800 1612 991 1704 ἅνθρωπος,
1020 1613 1188 1703 ἡνωμένος
1210 1619 1258 1701 τῷ

200 1726 353 1812 πρόσθεν
375 1733 415 1817 τῆ
437 1732 508 1812 δέη
529 1733 595 1795 τῶν
617 1732 718 1806 θεῶν,
746 1731 944 1808 ἐπεισῆλθεν
973 1732 1071 1812 ἑτέρη
1099 1731 1187 1816 ψυχῇ
1215 1730 1259 1818 τῇ
1278 1735 1313 1786 12

200 1843 276 1924 περὶ
298 1835 337 1905 τά
360 1837 577 1923 ἀνθρώπινον
599 1844 734 1929 μορφῆς
748 1836 834 1918 εἶδος
849 1843 1107 1927 συνηρμοσμένη,
1128 1842 1186 1905 καὶ
1200 1834 1258 1905 διά

199 1952 297 2018 τοῦτο
322 1957 357 2017 έν
379 1953 426 2033 τῷ
449 1952 508 2031 τῆς
523 1948 669 2035 ἀνάγκης
683 1954 739 2016 καί
755 1954 951 2036 εἱμαρμένης
972 1955 1097 2034 ἐγένετο
1113 1952 1234 2036 δεσμῷ.

287 2064 439 2130 Σκοπεῖν
461 2058 502 2142 δὴ
525 2064 575 2129 δεῖ
597 2067 646 2140 τίς
668 2061 771 2128 αὐτοῦ
798 2065 924 2145 γίνεται
950 2059 1042 2140 λύσις
1069 2065 1126 2128 καὶ
1147 2060 1310 2128 einai-15

201 2171 286 2257 λαγῆ
309 2178 373 2241 τῶν
397 2176 533 2257 δεσμῶν.
574 2177 643 2240 ἔστι
664 2178 779 2241 τοίνυν
801 2172 860 2240 οὐκ
882 2169 967 2256 ἀλλη
982 2200 1030 2252 τις
1046 2169 1148 2255 ῆτῶν
1163 2177 1259 2241 θεῶν

200 2287 332 2368 γνῶσις·
367 2287 437 2351 ἰδέα
466 2284 531 2374 γάρ
561 2292 650 2351 έστιν
679 2284 889 2370 εὐδαιμονίας
916 2280 955 2352 τά
984 2290 1192 2355 ἐπίστασθαι
1217 2280 1258 2352 τὸ

201 2393 348 2481 ἀγαθόν,
377 2394 484 2485 ὥσπερ
507 2400 572 2462 τῶν
594 2399 702 2463 κακῶν
725 2399 796 2463 ίδέα
821 2399 995 2483 συμβαίνει
1023 2396 1044 2477 ῆ
1067 2394 1161 2479 λη’θη
1191 2401 1257 2464 τῶν
1275 2407 1309 2457 18

272 2632 297 2681 3.
325 2638 384 2688 ταῖς
402 2627 545 2696 (alterurn)
570 2651 621 2683 om.
641 2631 673 2683 0.
781 2631 807 2681 8.
835 2630 882 2697 τῆν
899 2628 950 2696 εἰς]
969 2634 1005 2688 είς
1022 2631 1070 2697 τῆν
1092 2631 1131 2694 D,
1158 2631 1206 2696 τῆν
1226 2632 1256 2683 C.

271 2717 294 2766 9.
323 2715 355 2767 τό
374 2714 417 2782 τε]
437 2717 471 2767 sie
491 2717 544 2778 AC,
570 2713 603 2770 τά
615 2737 644 2770 τε
656 2716 688 2770 τὸ
707 2717 742 2770 0.
861 2719 904 2770 10.
930 2714 995 2782 τὰς]
1011 2717 1059 2785 τῆς
1077 2717 1134 2781 AC,
1160 2721 1205 2769 καὶ
1223 2719 1255 2768 D.

272 2801 313 2851 11.
341 2800 457 2867 θεατὰς]
476 2802 511 2853 sic
530 2806 561 2864 A,
578 2804 678 2870 θεητάς
697 2803 762 2854 Gale
779 2818 840 2863 not,
858 2804 962 2863 θευτάς
980 2803 1014 2866 0,
1032 2801 1164 2874 θεάτερος
1183 2805 1257 2876 Tayl.

272 2887 313 2937 12.
344 2883 413 2953 θέᾳ]
432 2889 498 2938 θεία
516 2888 549 2938 D.
623 2889 664 2939 14.
693 2889 792 2956 δεσμῶν
810 2889 842 2939 Β.
917 2891 959 2941 16.
986 2885 1034 2942 οὐκ
1053 2910 1103 2942 om.
1124 2891 1153 2942 C.
1233 2894 1236 2900 ’

199 3095 262 3151 ἰοδε
280 3094 376 3150 melior
392 3094 454 3162 δοες
477 3095 583 3171 quando
606 3116 671 3151 vero
695 3096 729 3152 εδ
752 3096 805 3153 hoe
823 3095 891 3152 nihil
909 3099 1036 3164 interest,
1058 3099 1168 3175 expedit
1190 3121 1255 3156 vero

175 3178 294 3256 {animis
311 3183 455 3260 praescire,
472 3193 503 3238 ut
520 3181 588 3238 salvi
606 3182 640 3239 ad
658 3182 781 3240 sublimia
800 3192 973 3249 revertantur,
992 3192 1056 3240 tuuc
1075 3187 1255 3262 cognitionem

201 3271 413 3324 veticiuutricem
430 3269 526 3325 mediis
545 3271 691 3326 animarum
707 3272 833 3326 essentiis
851 3270 980 3325 inserunt.

160 3362 180 3421 5
271 3354 328 3413 Set
346 3354 410 3432 quid
427 3353 567 3431 pluribus?
590 3377 651 3412 oum
668 3355 726 3412 fuse
743 3356 908 3412 ostenderim
925 3358 954 3410 in
970 3356 1108 3432 prioribus
1128 3367 1255 3434 quantum

200 3440 290 3498 divina
307 3443 461 3506 vaticinatio
478 3442 591 3498 humans
609 3445 647 3498 sit
664 3445 795 3519 superior.
840 3451 972 3520 praestet,
996 3443 1069 3518 quod
1091 3464 1143 3500 nos
1166 3464 1253 3520 rogas,

199 3529 342 3585 ostendere
360 3529 409 3584 tihi
428 3531 498 3585 viam
516 3529 551 3586 εδ
567 3529 766 3597 beatitudinem,
786 3539 813 3586 et
830 3531 858 3585 in
875 3549 930 3605 quo
948 3531 1006 3585 eius
1024 3532 1063 3585 sit
1080 3533 1170 3607 posita
1187 3533 1254 3586 ratio

197 3624 225 3668 et
243 3617 365 3671 essentis
413 3613 476 3671 irino
495 3617 644 3673 enimcum
660 3618 760 3672 veritas
778 3618 837 3693 ipsa
855 3618 991 3672 invenitur
1013 3625 1070 3672 tum
1095 3635 1189 3672 ornnes
1208 3616 1255 3673 du·

197 3699 340 3755 bitationes
358 3700 435 3758 facile
453 3701 597 3760 diluuntur.
643 3703 703 3760 δίεο
721 3705 814 3778 igitur:
833 3702 914 3759 homo
932 3701 979 3758 ille
998 3701 1216 3779 contemplabilis
1228 3713 1256 3759 et

198 3784 374 3861 intelligibilis
393 3787 458 3844 olim
476 3810 537 3846 eum
555 3800 629 3846 esset
646 3790 758 3847 deorum
769 3792 868 3846 visioni
880 3791 1048 3858 coniunctus,
1066 3800 1163 3867 postea
1176 3788 1255 3845 aliem

199 3872 387 3947 subingressus
405 3885 448 3930 est
466 3878 579 3931 animam
596 3875 671 3932 illam
689 3896 756 3952 quae
773 3875 915 3932 humanam
932 3876 1032 3932 formae
1055 3879 1174 3954 speeiem
1192 3896 1255 3932 eon·

197 3961 347 4026 comitatur,
365 3968 393 4014 et
409 3972 551 4038 propterea
568 3966 644 4020 venit
661 3962 778 4019 subisti
795 3974 823 4020 et
840 3965 1011 4020 necessitatis
1028 3965 1127 4039 iugum.

267 4044 448 4103 Considerare
465 4049 546 4122 igitur
563 4059 671 4126 oportet
688 4070 739 4125 qus
762 4050 869 4106 tandem
887 4052 991 4106 ratione
1015 4050 1048 4104 ab
1070 4047 1114 4105 his
1136 4048 1252 4107 vinculis

198 4132 265 4187 solvi
283 4143 310 4188 et
326 4131 436 4189 liberari
446 4136 542 4209 possit
586 4145 693 4211 praeter
704 4135 816 4192 deorum
827 4147 915 4192 autem
927 4139 1107 4214 coguitionem
1119 4135 1171 4192 elie
1184 4139 1251 4193 ratio

197 4213 269 4269 nulle
280 4228 330 4273 est.
373 4219 433 4276 iden
446 4222 546 4299 quippe
557 4219 692 4278 felicitatis
704 4233 747 4278 est
757 4225 846 4299 ipsum
858 4244 1021 4300 eognoseere
1032 4223 1142 4293 δοοιιο,
1160 4244 1251 4300 quem·
