2776 4876
189 338 223 390 72
1186 335 1237 399 διδ

189 492 340 579 τάβλητα
367 489 454 558 κατά
480 514 514 573 τε
542 494 688 577 μέγεθος
714 495 771 558 καὶ
797 486 933 582 μορφὴν
961 493 1019 557 καὶ
1046 493 1159 576 σχῆμα
1186 493 1245 555 καὶ

190 600 276 671 κατά
297 601 408 671 πάντα
429 598 472 669 τά
494 605 569 689 περὶ
590 597 822 681 αὐτοὺς-ὅντα·
845 598 888 668 τά
900 603 935 668 δὲ
950 604 1017 668 τών
1032 599 1244 688 ἀρχαγγέλων

190 713 413 797 πλησιάζοντα
436 726 506 793 τοῖς
527 719 592 782 τών
615 717 706 782 θεῶν
728 712 939 781 ἀπολείπεται
960 710 1070 779 αι’πών
1089 716 1150 794 τῆς
1162 712 1277 780 ταώ-3

191 824 342 908 τότητος·
357 821 400 894 τά
416 829 451 894 δέ
465 831 531 893 τών
545 825 692 912 ἀγγέλων
706 829 762 891 καὶ
776 820 901 892 τούτων
915 829 1005 891 ἐστὶν
1017 823 1244 915 ὑποδεέστερα,

192 936 405 1025 ἀμετάβλητα
428 940 478 1004 δέ·
502 935 544 1004 τά
566 940 631 1004 τών
653 932 821 1021 δαιμόνων
842 932 1030 1002 ἰνδάλλεται
1049 931 1167 1003 ἀλλοτε
1188 935 1240 1003 έπ’

192 1050 295 1131 ἀλλης
317 1047 469 1137 ὁρώμενα
490 1051 624 1141 μορφῆς
644 1050 701 1113 καί
721 1043 850 1132 μεγάλα
871 1051 928 1114 καί
949 1043 1065 1135 μικρά,
1093 1044 1137 1113 τά
1159 1042 1278 1115 αὐτάσ

192 1159 388 1252 φαινόμενα.
433 1164 491 1227 καὶ
512 1156 554 1242 δὴ
575 1162 631 1226 καὶ
653 1156 695 1224 τά
717 1162 782 1226 τών
805 1157 980 1246 ἀρχόντων,
1002 1156 1069 1226 ὅσα
1081 1163 1142 1245 μέν
1157 1165 1245 1226 ἐστιν

192 1269 380 1359 ἡγεμονικά,
409 1271 619 1339 ἀναλλοίωτα
640 1266 786 1355 ὑπάρχει,
812 1265 855 1336 τά
877 1272 912 1336 δὲ
934 1271 1032 1336 ένυλα
1053 1268 1247 1337 ἀλλοιοῦται

192 1386 385 1462 πολυειδῶς·
414 1379 457 1449 τά
480 1386 514 1450 δέ
535 1384 601 1449 τῶν
622 1377 738 1468 ἡρώων
759 1385 928 1466 προσέοικε
951 1392 1021 1458 τοῖς
1041 1384 1106 1448 τῶν
1129 1377 1281 1467 δαιμό-εε

193 1516 269 1572 νων,
291 1492 334 1560 roi
356 1496 391 1560 δὲ
414 1497 479 1560 τῶν
500 1496 615 1582 ψυχαῖν
628 1494 688 1572 τῆς
708 1494 883 1576 δαιμονίας
904 1494 1090 1578 μεταβολῆς
1104 1491 1163 1560 οάκ
1178 1491 1247 1559 ὀλί-

194 1629 255 1690 γον
275 1611 375 1693 μέρος
395 1604 548 1696 ὑφιεῖσιν.

277 1712 348 1781 ’Ἔτι
368 1720 480 1784 τοίνυν
507 1712 600 1796 τάξις
626 1719 683 1781 καὶ
711 1713 831 1802 ἠρεμία
858 1726 929 1794 τοῖς
957 1719 1054 1792 θεοῖς
1080 1712 1247 1806 προσήκει,
1265 1724 1301 1776 12

194 1835 265 1905 τοῖς
287 1829 322 1893 δὲ
343 1829 409 1894 τών
431 1826 641 1914 ἀρχαγγέλου
663 1822 863 1914 δραστήριον
891 1822 930 1894 τό
957 1829 1016 1909 τῆς
1042 1825 1164 1909 τάξεως
1189 1831 1247 1894 καὶ

195 1936 333 2025 ἠρεμίας
354 1934 500 2025 ὑπάρχει,
521 1949 591 2017 τοῖς
613 1940 647 2005 δέ
670 1925 820 2021 ἀγγέλοις
842 1936 900 2004 οὐκ
915 1936 1169 2025 ἀπηλλαγμένον
1183 1935 1247 2019 ἥδη

195 2046 349 2130 κινήσεως
370 2045 409 2115 τό
432 2052 731 2134 διακεκοσμημένον
752 2053 808 2116 καί
830 2048 990 2135 ἡσυχαῖον
1010 2047 1158 2137 πάρεστι,
1188 2075 1248 2116 τα·
1267 2063 1301 2114 15

197 2158 283 2248 ραχὴ
306 2165 341 2228 δὲ
363 2164 420 2227 καί
441 2160 563 2240 ἀταξία
584 2170 655 2238 τοῖς
676 2162 859 2246 δαιμονίοις
874 2159 1030 2251 φάσμασι
1044 2163 1247 2229 συνακολου-

195 2275 262 2353 θεῖ,
284 2282 353 2351 τοῖς
375 2275 410 2339 δὲ
432 2275 497 2338 τών
519 2269 687 2360 ἀρχόντων
708 2267 794 2338 κατά
816 2269 919 2352 δόξαν
933 2278 1091 2359 ἑκατέραν
1106 2266 1152 2341 ών
1165 2297 1247 2362 προ-

196 2387 328 2472 είπομεν
351 2381 600 2470 ὁμολογούμενα
622 2389 793 2451 συνέπεται
814 2379 857 2448 τά
880 2380 1043 2471 ὁράματα,
1065 2380 1247 2472 θορυβώδη
1267 2393 1302 2445 18

265 2534 289 2584 6.
317 2528 411 2600 citios]
430 2526 489 2583 ἀλλ’
501 2531 533 2584 Β.
671 2535 695 2582 7.
723 2528 774 2597 τά]
797 2533 869 2585 κατὰ
889 2530 968 2584 hCl).
1112 2532 1136 2583 9.
1164 2533 1201 2584 τά
1220 2532 1248 2583 δὲ

265 2616 332 2685 τών]
355 2619 392 2672 τά
414 2614 439 2670 δ’
454 2608 488 2670 usi
510 2617 560 2669 τών
585 2617 646 2679 ΑΒ,
674 2617 710 2669 τά
729 2611 858 2670 δἀἀτών
882 2617 911 2669 C.
1028 2620 1071 2670 12.
1096 2614 1193 2687 ἦρεμία
1217 2617 1248 2669 Β.

267 2705 308 2756 11.
333 2703 444 2776 ἡρεμίας
467 2703 497 2754 Β.
528 2696 540 2770 ΙΙ
570 2697 785 2772 ἀπηλλαγμένου]
813 2703 847 2754 sic
875 2703 959 2768 Act),
990 2699 1188 2773 ἀπηλλαγμένου
1216 2704 1248 2766 B,

267 2783 472 2858 ἀπηλλαγμένοις
491 2789 524 2842 0.
545 2781 558 2856 ll
578 2785 643 2857 ἤδη]
663 2784 708 2857 ἦδε
728 2787 768 2854 (εί
786 2809 892 2859 superq
911 2791 968 2842 εδδ.
987 2791 1073 2842 eadem
1092 2787 1199 2856 manus)
1217 2793 1250 2851 A,

266 2888 323 2942 post
340 2873 460 2940 κινήσεως
477 2873 548 2942 ponit
567 2874 599 2926 Ο.
709 2876 750 2925 15.
778 2877 977 2945 διακεκοσμίνυυ
996 2878 1040 2927 καί
1056 2873 1191 2941 ἡσυχαίων
1213 2877 1249 2930 D.

269 2961 310 3011 18.
339 2957 485 3031 θορυβώδη
504 2960 536 3010 0.

198 3078 334 3136 schemate
357 3080 534 3156 omnibusque
557 3080 591 3136 ad
613 3102 643 3136 se
661 3082 870 3158 pertinentibus;
894 3081 1044 3159 archangeli
1062 3082 1115 3139 diis
1133 3085 1250 3161 proximi

198 3174 260 3221 sunt
278 3165 326 3222 sed
343 3185 397 3221 non
415 3168 534 3243 aspirant
552 3165 586 3221 ad
604 3187 696 3223 eorum
713 3167 892 3234 identitatem
916 3167 1070 3244 angelorum
1092 3169 1251 3247 epiphaniae

199 3249 284 3308 adhuc
302 3251 447 3308 debiliores
465 3262 527 3308 sunt
545 3252 595 3309 εεδ
612 3252 803 3320 immutabilem
823 3253 964 3311 daemones
976 3265 1105 3333 apparent
1120 3255 1186 3313 alias
1199 3255 1251 3313 alia

198 3336 282 3393 forma
301 3340 441 3415 conspicui
457 3358 528 3395 nunc
545 3341 633 3414 magni
650 3360 719 3396 nnnc
737 3342 822 3417 parri,
841 3340 889 3396 sed
907 3341 989 3397 iidem
1007 3352 1199 3419 agnoscuntur3
1222 3354 1251 3399 ct

199 3423 340 3480 archontes
364 3423 437 3500 quod
460 3427 555 3481 attinet
578 3423 756 3481 immutabiles
778 3435 855 3493 sunt,
884 3436 1015 3503 quotquot
1036 3450 1070 3485 ex
1093 3431 1127 3485 iis
1149 3428 1250 3490 muodo

198 3519 335 3586 praesunt,
357 3512 440 3567 variis
458 3520 545 3569 autem
562 3511 650 3567 modis
668 3509 888 3567 transformantur
910 3515 930 3568 ii
948 3516 994 3589 qui
1017 3517 1152 3571 materiam
1169 3518 1252 3593 parti-

199 3597 303 3672 cipant;
321 3594 416 3652 heroes
435 3596 593 3653 daemonum
609 3599 746 3653 imitantur
764 3599 958 3675 apparitiones3
976 3603 1078 3657 ammae
1095 3603 1124 3657 in
1140 3602 1252 3658 mutabi-

199 3679 273 3737 litate
292 3680 433 3739 daemonas
451 3682 595 3761 plurimum
614 3692 767 3758 sequuntur.

269 3763 354 3821 Porro
372 3767 411 3824 dii
429 3769 550 3827 ordinem
567 3779 596 3824 et
613 3771 728 3845 quietam
750 3770 779 3823 in
797 3771 1008 3846 apparitionibus
1031 3773 1188 3840 ostendunt3
1210 3795 1252 3830 ar·

201 3850 321 3929 changeli
350 3852 533 3912 efficacitatem
561 3853 691 3932 quandam
714 3854 802 3911 ordini
825 3865 852 3910 et
876 3859 960 3932 quieti
982 3858 1123 3926 adhibent3
1149 3859 1251 3936 angelis

201 3937 278 3997 adest
296 3949 404 3996 umatus
423 3953 449 3998 et
467 3941 645 4017 tranquillitas
668 3961 722 3997 non
744 3944 803 3998 sine
821 3952 910 4009 motu;
932 3942 1090 4002 daemonum
1113 3945 1252 4024 phasmata

200 4024 366 4103 perturbatio
389 4037 417 4082 et
442 4027 563 4085 contusio
587 4029 720 4103 sequitnr3
748 4026 889 4085 archontes
916 4033 1022 4107 utrique
1049 4053 1128 4108 quam
1155 4033 1189 4091 de
1216 4035 1251 4090 iis

201 4112 384 4188 praemisimus
403 4115 549 4171 sententiae
567 4115 751 4170 convenientia
773 4112 872 4172 habent
889 4127 1009 4193 spectra,
1033 4121 1157 4176 materiae
1178 4123 1252 4197 prin·

202 4198 276 4273 cipes
295 4196 415 4257 seruntur
432 4197 653 4268 tumultuabundi,
678 4201 769 4258 mundi
793 4205 928 4280 principes
948 4224 1008 4261 cum
1024 4203 1171 4263 stabilitate
1189 4226 1251 4263 con-
