2776 4876
198 371 232 424 74
1193 364 1247 429 Μ

197 524 317 602 κάλλος
343 529 399 590 καὶ
428 523 591 613 αὐτοφυὲς
612 525 818 601 ἐπιδείκνυσι,
847 518 890 588 τὰ
919 525 955 588 δὲ
976 519 1163 612 εὐμορφίαν
1190 542 1248 586 ιτε-

197 640 390 721 ντλασμίνην
411 639 468 702 καὶ
490 630 726 716 ίαισκευαστὴν
753 637 915 726 ἐμφαίνει.
960 627 1003 698 τὰ
1032 634 1067 698 δὲ
1092 634 1161 698 τῶν
1181 649 1248 720 ψυ-

194 751 262 834 χῶν
283 754 319 814 ἐν
341 744 451 830 λόγοις
465 751 524 831 μὲν
540 749 597 813 καί
611 741 697 812 αὐτοὶ
713 743 967 830 διακεκόσμηται
981 748 1247 830 κταερασμίνοις,
1264 752 1280 808 ί

98 891 102 900 ⁴
197 861 401 951 διῃρημένοις
422 860 457 924 δὲ
478 859 607 943 μᾶλλον
628 860 693 925 τῶν
715 864 750 924 to
773 868 841 933 autc
862 851 964 942 ἥρωσι
984 860 1041 923 καὶ
1061 857 1247 943 περιειλημ-

196 975 307 1053 μίιιοις
328 971 487 1058 μεριστῶς
508 973 564 1036 καὶ
584 974 817 1054 κρατουμένοις
836 965 896 1055 ὑφ’
914 962 988 1044 ἑνὸς
1010 965 1122 1043 είδους.
1168 973 1197 1032 ελ
1213 968 1247 1031 δὲ

195 1083 245 1147 δεῖ
266 1077 351 1147 κατὰ
373 1077 507 1147 πάντων
534 1082 650 1155 κοινῶς
678 1078 924 1169 ἀφορίσασθαι,
953 1081 1040 1168 φημὶ
1067 1081 1134 1145 τῶν
1161 1073 1280 1152 ὅλανο

195 1190 303 1283 ὥσπερ
331 1200 453 1260 ἕκαστα
482 1195 691 1258 διατέτακται
717 1196 774 1257 καὶ
801 1189 846 1269 ὡς
873 1195 937 1277 ίχει
956 1195 1017 1271 τῆς
1038 1193 1160 1266 σίκείας
1182 1187 1247 1278 ‹pri-

195 1324 283 1382 σεως,
304 1301 408 1380 οὕτως
429 1307 485 1369 καὶ
507 1305 567 1370 τοῦ
587 1299 728 1380 κάλλους
749 1298 835 1369 αὐτοὶ
855 1298 941 1368 κατα
956 1297 1018 1383 τὴν
1030 1297 1247 1388 ὑπάρχουσαν

194 1412 411 1500 διακλήρωσιν
432 1415 662 1502 μετειληχίναι.
1264 1428 1279 1480 t

157 1529 175 1584 4
279 1524 346 1590 Ἐπ’
366 1521 453 1590 ἄλλα
474 1529 585 1592 τοίνυν
606 1522 767 1610 ίδιῶματα
784 1523 893 1591 αὐτῶν
907 1521 1074 1610 μετιόντος
1094 1524 1246 1607 λέγοιμεν,

195 1636 238 1712 ὡς
260 1634 377 1716 ὀξύτης
399 1643 434 1702 ὲν
461 1647 535 1716 ταῖς
562 1641 736 1722 ἐνεργείαις
764 1633 856 1723 παρὰ
885 1640 945 1721 μὲν
973 1647 1043 1712 τοῖς
1073 1637 1168 1711 θεοῖς
1189 1637 1246 1699 καί

194 1747 297 1813 αὐτοῦ
319 1751 379 1814 τοῦ
395 1751 461 1813 νοῦ
488 1754 649 1835 ταχυτίρα
676 1746 868 1833 διαλάμπει,
896 1751 1004 1813 καίτοι
1029 1744 1181 1826 ἀκίνητοί
1208 1768 1244 1830 γε
1265 1758 1297 1809 12

194 1864 229 1922 tv
250 1857 367 1935 αὐταῖς
388 1863 443 1924 καὶ
467 1850 633 1944 σταθεροὶί
656 1865 736 1924 τίσιν
759 1858 874 1926 αὐταί·
903 1855 1051 1944 napaei
1073 1869 1146 1934 τοῖς
1168 1855 1244 1942 ἀρχ-

193 1971 343 2052 αγγέλοις
365 1962 541 2056 σύμμικτοί
562 1966 630 2046 νεώς
652 1976 733 2036 είσιν
755 1976 791 2035 αἱ
820 1974 996 2056 ταχυτῆτες
1024 1968 1133 2035 αὐτῶν
1164 1970 1245 2052 δρα-

193 2084 338 2168 στηρίοις
360 2085 549 2166 ἐνεργείαις·
573 2087 608 2146 at
631 2084 665 2147 δὲ
688 2085 752 2148 τοῖν
774 2080 920 2166 ἀγγέλων
934 2080 1141 2169 λιμαατσνταί
1156 2102 1246 2156 τινος
1265 2098 1297 2150 15

192 2186 255 2271 ἤδη
278 2190 439 2275 κινήσεως,
461 2197 516 2258 καί
541 2189 578 2258 τὸ
601 2189 671 2277 ἅμα
687 2195 733 2277 τῷ
748 2197 851 2277 λέγειν
865 2189 1116 2259 ἀποτελεστικὸν
1138 2191 1246 2258 οὐκέτι

192 2303 314 2390 ὁμοίως
346 2301 603 2394 προσειλήῳασι·
632 2301 723 2391 παρὰ
752 2308 786 2370 δὲ
814 2317 884 2382 τοῖς
912 2306 1047 2390 δαίμοσι
1072 2307 1245 2394 φαντασία

263 2542 285 2589 1.
314 2535 417 2604 κάλλος]
436 2533 515 2594 ἄλλος
534 2537 564 2587 C.
634 2541 658 2589 2.
686 2542 731 2590 καὶ
749 2559 800 2588 orn.
815 2543 843 2588 A.
858 2532 869 2605 ΙΙ
883 2536 1094 2608 incatenantur]
1113 2537 1148 2588 sic
1163 2536 1243 2598 Act),

260 2625 474 2691 ίπισκευαστικιὶν
493 2624 526 2674 0.
588 2626 611 2675 5.
638 2623 765 2693 μεριστῶν
785 2620 814 2676 C.
874 2625 898 2676 8.
927 2621 995 2676 oilae
1017 2622 1046 2675 b.
1114 2626 1154 2674 ll.
1184 2619 1243 2680 ὀξύ-

262 2731 301 2767 τις
320 2709 373 2761 AC.
490 2710 531 2762 13.
559 2713 584 2762 b
603 2706 694 2769 αὐτοῖς
715 2708 792 2761 ACD.
813 2705 826 2778 ΙΙ
847 2705 943 2776 αὗταί]
962 2705 1045 2761 αὗται
1061 2710 1095 2761 D.
1117 2702 1130 2776 ΙΙ
1151 2706 1242 2780 παρὰ]

264 2798 323 2864 περὶ
348 2797 425 2847 sul).
554 2798 595 2847 lt.
612 2797 651 2848 15.
681 2794 865 2866 δραστηρίοις]
889 2797 922 2847 sic
941 2797 1000 2859 Ac,
1026 2793 1186 2866 διαστηρίοις
1210 2794 1242 2847 0.

266 2883 307 2933 16.
335 2877 431 2933 οὐκεθ’
453 2885 481 2932 Α.

192 3109 279 3188 palem
301 3108 432 3186 quandam
453 3107 678 3186 pulchritudinem
702 3122 729 3166 et
752 3114 868 3167 nativam
890 3110 1047 3177 ostendunt,
1070 3109 1123 3177 illi,
1147 3129 1244 3187 nempe

193 3195 350 3262 materiales,
368 3195 458 3252 fictam
476 3205 503 3250 et
521 3196 680 3252 elaboratam
697 3197 823 3274 produnt.
868 3200 1013 3254 animarum
1024 3195 1196 3275 pulchritudo
1214 3198 1243 3252 in

193 3283 340 3340 rationibus
358 3284 438 3338 etiam
455 3284 580 3338 consistit
592 3283 781 3352 determinatis,
800 3284 849 3340 sed
861 3284 975 3340 diversis
988 3287 1070 3360 magis
1082 3304 1161 3360 quam
1174 3303 1242 3359 quse

192 3379 255 3426 sunt
272 3371 300 3427 in
317 3367 428 3425 heroum
445 3369 541 3440 forma,
564 3380 592 3425 et
609 3371 796 3448 particularius
815 3373 1041 3448 circumscriptis,
1066 3381 1093 3427 et
1116 3369 1167 3426 sub
1190 3389 1243 3425 uns

193 3459 282 3535 specie
301 3455 510 3534 comprehensis.
558 3476 651 3512 rerum
668 3463 690 3513 si
709 3467 832 3534 oporteat
853 3460 971 3513 omnium
992 3457 1118 3513 idiomata
1135 3476 1243 3533 generu-

192 3543 254 3599 liter
271 3543 391 3611 definire,
415 3543 475 3599 dieo
495 3545 583 3599 omnia
600 3542 826 3620 pulchritudinem
844 3547 935 3600 sortiri
952 3565 1002 3622 pro
1021 3565 1051 3600 ea
1068 3546 1097 3600 in
1115 3562 1166 3619 qus
1184 3562 1243 3598 ver·

193 3639 285 3685 santur
302 3629 455 3686 conditione
473 3631 575 3687 ordinis
593 3641 701 3686 naturae
718 3633 849 3709 propriae.

156 3727 175 3782 4
265 3713 309 3769 Ad
326 3713 377 3770 alia
394 3719 474 3792 igitur
491 3718 617 3775 idiomata
635 3736 726 3772 eorum
744 3726 915 3784 transcamus,
934 3717 1105 3791 dicamusque
1123 3713 1196 3791 prod
1213 3716 1242 3768 in

193 3801 391 3880 operationibus
409 3802 519 3861 deorum
536 3804 666 3862 velocitas
684 3804 812 3880 quaedam
829 3807 878 3871 sit,
903 3823 970 3879 quae
987 3805 1046 3881 ipsa
1063 3810 1152 3858 mente
1174 3799 1242 3857 ocle-

193 3892 250 3946 rius
266 3889 370 3955 emicat,
388 3909 448 3944 cum
465 3900 552 3947 tamen
571 3890 632 3947 illae
649 3893 724 3968 ipsae
741 3887 909 3967 operationes
928 3889 1077 3946 immobiles
1090 3892 1118 3944 iu
1130 3908 1161 3944 se
1172 3889 1241 3965 ipsis

193 3987 223 4033 et
238 3972 349 4032 stabiles
368 3992 473 4051 semper
490 3979 556 4042 sint3
575 3977 791 4054 archangelorum
810 3976 965 4036 velocitates
982 3978 1178 4054 permiscentur
1195 3972 1241 4029 ali·

194 4073 322 4140 quatenus
341 4081 401 4116 oum
419 4063 617 4136 operationibus
629 4063 795 4130 efficacibus3
814 4063 966 4141 augelorum
978 4063 1011 4118 de
1023 4072 1097 4118 motu
1109 4080 1163 4118 non
1174 4059 1241 4117 nibil

194 4151 352 4228 percipiunt,
376 4167 426 4203 nec
444 4149 543 4223 pariter
560 4146 658 4205 habent
676 4161 705 4206 ut
724 4149 803 4207 simul
822 4171 881 4207 eum
900 4150 972 4206 dieto
991 4149 1064 4226 quod
1081 4147 1166 4205 velint
1183 4167 1242 4226 per·

195 4238 299 4303 liciant3
322 4236 464 4293 daemones
482 4254 537 4290 non
554 4244 609 4290 tam
626 4235 749 4292 celeriter
767 4257 847 4314 opera
870 4256 916 4291 sua
935 4236 1079 4314 expediunt
1095 4252 1192 4292 rrevers
1210 4254 1241 4290 ac
