2776 4876
202 351 228 414 3,
239 351 274 404 24
1214 351 1264 405 157

204 502 314 572 αὐτῶν
335 507 428 570 ἔσται
448 502 470 582 ἡ
492 500 677 591 πρόγνωσις
699 504 935 590 ἀπηλλαγμένα
964 503 1090 582 παντὸς
1117 503 1263 584 πάθους.

205 619 251 682 ἔτι
262 609 301 681 τό
316 610 432 692 πάθος
446 611 551 700 μόνου
566 618 625 681 τοῦ
640 613 805 707 παρόντος
821 613 1023 682 αἰσθάνεται
1045 620 1101 682 καὶ
1123 620 1182 684 τοῦ
1198 613 1263 698 ἤδη

170 744 185 794 ³
204 723 440 815 ὑφεστηκότος,
462 724 483 807 ἡ
501 729 535 793 δὲ
550 723 735 813 πρόγνωσις
750 731 806 794 καὶ
821 730 887 792 τῶν
902 730 1035 812 μηδέπω
1052 723 1157 795 όντων
1172 727 1264 794 άντι-

206 835 427 923 λαμβάνεται·
446 845 556 926 ἕτερον
568 833 635 926 άρα
647 842 716 906 ἐστὶ
731 834 770 905 τό
782 836 1015 924 προγινώσκειν
1027 842 1087 906 τοῦ
1102 836 1248 926 πάσχειν.

294 947 517 1039 Σκεψώμεθα
541 946 582 1030 δὴ
604 955 660 1016 καὶ
682 946 726 1014 τά
754 946 911 1037 τεκμήριά
940 972 1000 1016 σου
1029 953 1087 1029 τῆς
1109 948 1263 1032 τοιαύτης

172 1081 188 1130 6
208 1060 315 1143 δόξης.
352 1056 391 1126 τό
414 1064 473 1145 μὲν
495 1063 536 1142 δὴ
559 1057 884 1146 καταλαμβάνεσθαι
905 1055 966 1138 τάς
988 1060 1166 1143 αἰσθήσεις
1181 1058 1264 1148 πρὸς

207 1170 245 1241 τό
269 1175 423 1240 έναντίον
445 1175 540 1238 τείνει
562 1169 584 1254 ἢ
607 1170 679 1239 οἷον
702 1172 742 1239 σε)
764 1174 881 1257 λέγεις·
910 1169 1081 1261 γνώρισμα
1109 1171 1172 1259 γάρ
1196 1180 1264 1239 ἐστι

207 1285 383 1370 τοῦμηδέν
399 1281 581 1374 φάντασμα
598 1279 810 1367 ἀνθρώπειον
825 1286 1004 1364 τηνικαῦτα
1020 1283 1264 1352 ἀνακινεῖσθαι.

173 1401 241 1462 toi
263 1397 299 1462 tt
321 1397 598 1484 προσενεχθέντες
627 1393 727 1480 άτμοὶ
755 1390 838 1483 πρός
867 1391 925 1462 τόν
954 1389 1039 1462 θεὸν
1069 1398 1177 1482 έχουσι
1204 1391 1265 1475 τὴν

208 1512 404 1592 συγγένειαν,
427 1505 467 1572 οὐ
489 1500 572 1596 πρός
593 1504 655 1586 τὴν
676 1500 786 1593 ψυχὴν
808 1508 867 1571 τοῦ
890 1503 1135 1582 έποπτεόοντος.
1171 1510 1210 1572 ai
1229 1530 1264 1573 τε

208 1615 388 1699 ἐπικλήσεις
418 1616 477 1684 οὐκ
505 1619 675 1693 ἐπιπνοίας
703 1619 762 1696 τῆς
792 1618 942 1695 διανοίας
972 1617 1209 1706 ἀνεγείρουσιν,
1242 1610 1265 1697 ἢ

156 1740 191 1791 12
209 1723 378 1813 σωματικά
401 1725 501 1808 πάθη
525 1733 561 1794 έν
583 1730 629 1812 τῷ
645 1730 823 1813 δεχομένῳ·
846 1723 1010 1813 άγνωστοι
1024 1726 1088 1817 γάρ
1104 1735 1166 1795 εὶσι
1181 1751 1264 1794 παν-

211 1842 307 1918 τελῶς
328 1843 384 1906 καὶ
408 1838 605 1928 ἀπόρρητοι,
634 1834 725 1924 μόνῳ
747 1841 781 1904 δὲ
803 1843 848 1923 τῷ
870 1842 943 1923 θεῷ
964 1843 1133 1927 γνωρίμως
1152 1842 1265 1923 λέγον-

209 1976 265 2017 ται
288 1946 328 2018 δν
359 1952 604 2016 ἐπικαλοῦνται·
635 1947 673 2016 τό
696 1948 725 2014 δ’
746 1946 830 2016 εἶναι
850 1945 896 2036 μὴ
924 1947 1053 2028 πάντας
1080 1947 1168 2016 ἀλλά
1189 1947 1265 2027 τοὺς

159 2077 191 2128 15
211 2060 450 2147 ἁπλουστέρους
464 2064 519 2127 καί
535 2064 627 2138 νέους
642 2063 924 2149 ἐπιτηδειοτέρους,
940 2064 1036 2142 δηλοῖ
1049 2063 1148 2128 τοῦτο
1163 2059 1206 2138 ὡς
1221 2068 1266 2138 εὶς

209 2168 399 2257 καταδοχὴν
420 2173 467 2256 τῷ
488 2170 615 2250 ἔξωθεν
638 2168 814 2238 έπεισιόντι
835 2179 892 2239 καὶ
913 2177 1084 2258 κατέχοντι
1102 2170 1265 2259 πνεύματι

211 2288 243 2348 οἱ
266 2284 411 2350 τοιοῦτοί
441 2288 522 2349 ελσιν
551 2278 760 2367 έτοιμότεροι.
806 2288 841 2346 έκ
870 2278 911 2362 δὴ
939 2280 1064 2349 τούτων
1092 2283 1132 2350 οὐ
1158 2286 1265 2361 καλῶς

160 2405 192 2458 18
210 2390 351 2486 στοχάζῃ
372 2391 489 2472 πάθος
512 2392 596 2461 εἶναι
617 2387 677 2459 τόν
705 2390 968 2478 ἐνθουσιασμόν,
999 2395 1173 2479 συμβαίνει
1200 2391 1264 2483 γάρ

281 2581 306 2633 4.
335 2581 385 2633 τοῦ
403 2576 514 2647 πάσχειν
533 2599 583 2631 om.
600 2579 634 2630 D.
730 2580 757 2631 8.
784 2573 938 2650 ἀνθρώπων
956 2577 1013 2630 BD.
1105 2581 1147 2633 10.
1174 2601 1203 2632 τε
1221 2582 1264 2631 ad-

281 2665 492 2718 ditumerllCD.
565 2667 606 2718 16.
634 2661 762 2718 ίπισιόντι
779 2663 837 2716 BD.
910 2667 952 2718 17.
981 2660 1013 2717 οὐ
1026 2662 1119 2730 καλῶς]
1137 2665 1172 2717 sic
1186 2665 1265 2729 Act),

282 2747 330 2805 οὔκ
350 2748 435 2812 άλλως
451 2751 484 2816 Β,
512 2747 560 2805 οὐκ
579 2746 686 2819 ἅληθῶς
705 2751 736 2803 0.
859 2752 901 2803 18.
929 2747 1063 2822 στοχαζη]
1082 2752 1192 2816 τοπάζω
1210 2752 1263 2815 Ac,

281 2835 385 2908 τοπάζη
403 2838 435 2889 l).

212 3018 239 3064 et
257 3007 290 3063 ab
308 3008 380 3064 omni
397 3009 524 3085 passione
542 3009 661 3064 seiuncta
680 3007 797 3083 cognitio
816 3027 884 3082 quae
902 3026 946 3062 eas
964 3007 1112 3084 praevidet.
1149 3008 1264 3084 deniqne

211 3097 326 3172 percipit
343 3103 446 3150 tantum
462 3099 613 3171 praesentia
626 3103 653 3150 et
665 3095 718 3149 iam
730 3095 871 3149 existentia
883 3096 983 3170 passio,
1001 3095 1141 3170 praeuotio
1153 3112 1183 3146 ea
1197 3112 1264 3168 quae

211 3180 327 3236 nondum
346 3190 408 3236 sunt
425 3183 574 3236 antevertit.
619 3182 701 3256 igitur
719 3179 791 3236 aliud
809 3189 851 3234 est
868 3179 1026 3256 praevidere
1043 3177 1116 3233 aliud
1133 3178 1264 3254 passioni·

210 3266 261 3321 bus
279 3267 378 3342 agitari.

280 3353 467 3409 Examinemus
485 3371 567 3431 porro
580 3360 731 3429 argumenta
743 3350 822 3406 huius
834 3359 895 3406 tuae
907 3351 1050 3426 opinionis.
1100 3347 1172 3422 quod
1184 3350 1265 3423 igitur

211 3457 306 3493 sensus
325 3448 502 3515 occupentur,
525 3439 579 3495 alio
598 3446 629 3495 ac'
652 3448 682 3495 tu
705 3438 824 3514 opinaris
848 3435 946 3502 tendit3
969 3445 1011 3490 est
1034 3436 1105 3490 enim
1128 3432 1264 3500 indicium,

211 3523 283 3599 quod
302 3521 406 3578 nullum
429 3521 573 3580 humanum
594 3525 751 3602 phantasma
773 3533 830 3578 tum
853 3524 991 3578 excitetur.
1037 3519 1265 3596 suffumigationes

210 3628 275 3665 vero
295 3627 362 3682 quae
380 3606 470 3663 solent
487 3609 576 3664 afferri
594 3630 649 3668 non
667 3611 815 3687 respiciunt
838 3609 952 3663 animam
976 3607 1135 3684 spectantis,
1159 3605 1208 3661 sed
1231 3605 1265 3661 ad

211 3694 290 3750 deum
309 3691 408 3747 habent
429 3693 591 3750 affinitatem.
635 3698 819 3753 invocationes
841 3702 929 3748 autem
952 3712 1005 3748 non
1029 3695 1145 3748 excitant
1167 3694 1264 3747 mentis

210 3790 319 3835 nostrae
336 3779 540 3855 inspirationes,
563 3790 609 3835 aut
630 3783 772 3858 passiones
790 3797 933 3855 corporeas
956 3779 984 3833 in
1002 3779 1178 3854 suscipientc;
1202 3788 1266 3834 sunt

211 3869 282 3922 enim
301 3863 461 3943 ignorabiles
479 3884 592 3943 prorsus
611 3877 639 3922 et
656 3863 814 3930 ineffabiles,
839 3861 944 3938 solique
963 3863 1014 3920 deo
1038 3884 1116 3940 quem
1139 3867 1265 3921 invocant

211 3963 290 4008 notae
308 3961 446 4008 canuntur.
493 3950 566 4027 quod
583 3961 671 4007 autem
688 3971 743 4007 non
766 3969 859 4004 omnes
877 3949 925 4005 sed
944 3949 1122 4029 simpliciores
1141 3961 1169 4007 et
1180 3953 1265 4006 iunio·

210 4059 254 4094 res
273 4039 307 4094 ad
324 4037 522 4094 vaticinantium
540 4039 595 4114 apti
614 4039 675 4106 sint,
694 4036 746 4093 hoc
765 4038 830 4091 satis
849 4037 967 4093 ostendit
985 4040 1053 4094 istos
1072 4037 1105 4093 ad
1119 4039 1265 4113 suscipien-

209 4124 271 4181 dum
290 4126 414 4202 spiritum
432 4125 466 4179 ab
479 4133 553 4180 extm
565 4125 716 4180 venientem
727 4122 945 4200 obsidentemque
963 4123 1023 4180 aliis
1035 4145 1096 4179 esse
1107 4124 1263 4199 paratiores.

210 4211 259 4266 secl
277 4231 310 4267 en
327 4209 371 4266 his
390 4212 474 4286 signis
492 4231 546 4266 non
564 4220 637 4267 recte
655 4211 790 4266 coniectas
808 4213 961 4288 passionem
974 4232 1034 4267 esse
1047 4207 1263 4276 enthusiasmum
