2776 4876
192 336 246 390 tm
1183 331 1254 394 223

137 502 178 562 23
289 487 325 553 ‘0
348 491 460 555 τοίνυν
481 489 630 565 ποικίλος
657 482 780 572 τρόπος
809 490 867 566 τῆς
891 492 925 552 ὲν
956 495 1029 562 ταῖς
1053 490 1256 574 ἱερουργίαις

195 599 363 686 ἁγιστείας
384 596 426 664 τά
448 602 507 684 μὲν
530 597 769 681 ἀποκαθαίρει,
790 593 833 662 τά
855 599 891 663 δὲ
905 599 1024 662 τελιιοῑ
1039 599 1105 662 τῶν
1121 601 1157 662 ἐν
1173 594 1256 682 ἡμῖν

195 707 218 792 ἢ
237 714 313 794 περὶ
334 709 423 793 ἡμᾶς
447 704 560 789 ἀντων,
582 705 626 775 τὰ
649 711 683 775 dd
707 714 751 785 εἰς
772 712 977 794 συμμετρίαν
998 711 1055 775 καὶ
1076 704 1171 786 τάξιν
1193 732 1255 774 κα·
1276 727 1291 778 3

194 825 345 903 θίστησι,
371 818 415 888 τά
438 824 473 888 δὲ
495 815 762 897 ἀλλος-ἀπολύει
783 822 843 898 τῆς
864 821 1083 898 θνητοειδοῦς
1104 820 1256 905 πλημμε-
1332 832 1341 841 ‘

195 936 299 1012 λείας,
328 929 439 1000 πάντα
462 936 496 1000 δὲ
519 929 715 1020 προσήγορα
736 942 807 1008 τοῖς
833 927 924 1008 ὅλοις
951 934 1135 1017 κρείττοσιν
1160 928 1257 1016 ἡμῶν

195 1041 425 1132 ἀπεργάζεται.
483 1048 539 1112 καὶ
567 1039 635 1129 μὴν
665 1040 844 1109 συνιόντων
871 1065 907 1127 γε
936 1047 981 1118 είς
1008 1034 1048 1106 τὸ
1078 1035 1160 1106 αὐτὸ
1190 1043 1293 1114 τῶνα

196 1159 303 1223 θείων
327 1162 441 1222 αίτίων
463 1159 607 1222 καὶτῶν
630 1151 856 1236 ἀνθρωπίνων
877 1154 1119 1238 παραπλησίων
1140 1151 1257 1228 αὐτοῖς

195 1272 419 1356 παρασκευῶν,
441 1264 552 1333 πάντα
573 1268 680 1331 τέλειοι
703 1266 759 1330 καὶ
774 1260 904 1349 μεγαλα
919 1259 1041 1347 ἀγαθά
1056 1268 1117 1344 τῆς
1131 1266 1259 1340 θυσίας

195 1377 464 1466 ἡιτελεσιονργία
486 1385 673 1464 παρέχεται.
1213 1417 1217 1421 -
1278 1395 1294 1446 9

291 1489 339 1555 Οὐ
357 1500 470 1577 χεῖρον
493 1489 528 1554 ἀί
547 1512 603 1554 ,τοι
624 1490 681 1554 καὶ
707 1482 749 1552 τά
778 1491 917 1554 τοιαῦτα
944 1490 1148 1575 προσθεῖναι
1175 1480 1260 1574 πρὸς

198 1600 323 1690 ἀκριβῆ
348 1604 422 1686 περὶ
450 1601 516 1666 τῶν
545 1597 654 1664 αὐτῶν
682 1595 895 1678 κατανόησιν.
940 1605 1083 1688 πέφυκεν
1112 1595 1166 1663 ἀεὶ
1192 1599 1261 1662 τῶν

198 1709 394 1799 ἀκροτάτων
417 1709 437 1790 ἡ
460 1713 632 1795 περιουσία
654 1713 714 1788 τῆς
735 1706 906 1794 δυνάμεως
927 1712 984 1774 καὶ
1005 1716 1041 1776 ἐν
1063 1710 1145 1792 τῷδε
1158 1706 1258 1795 ὑπερ·
1279 1724 1313 1775 12

199 1827 283 1908 ίχειν
305 1823 371 1887 τῶν
394 1817 489 1900 ὅλων,
512 1826 548 1885 ἐν
568 1824 615 1904 τῷ
637 1829 793 1907 παρεῖναι
814 1824 918 1887 πᾶσιν
935 1820 970 1902 ἐξ
985 1820 1059 1887 ίσον
1073 1816 1136 1900 τὴν
1150 1814 1260 1899 αὐτὴν

199 1930 461 2019 ἀνεμποδίστως·
496 1928 653 2016 ὲλλάμπει
681 1934 795 1998 τοίνυν
817 1926 903 1997 κατά
926 1934 1045 1999 τοῦτον
1073 1926 1258 2014 τὸνλόγον

198 2047 256 2110 καὶ
277 2056 348 2123 τοῖς
370 2040 521 2130 ἐσχάτοις
542 2037 584 2108 τά
606 2038 783 2130 πρώτιστα,
805 2046 862 2108 καὶ
883 2041 1043 2126 πάρεστιν
1064 2040 1173 2119 ἀύλως
1187 2053 1260 2119 τοῖς
1281 2062 1314 2112 15

199 2151 326 2231 ὲνύλοις
347 2149 391 2220 τά
414 2149 510 2221 doto.
555 2150 602 2236 μὴ
625 2150 667 2234 δή
689 2179 739 2230 τις
761 2155 976 2238 θαυμαζέτω,
1006 2148 1065 2218 dola
1094 2157 1151 2220 καὶ
1175 2151 1260 2234 ὕλην

198 2261 274 2331 τινά
303 2260 465 2350 καθαράυ
494 2267 550 2329 καὶ
573 2267 676 2329 θείαν
707 2263 790 2330 εἶναι
817 2268 978 2348 λέγωμεν·
1007 2261 1076 2330 ἀπὸ
1105 2259 1170 2353 γάρ
1200 2267 1261 2331 τοῦ

196 2374 324 2463 πατρὸς
345 2379 401 2440 καὶ
424 2378 626 2460 δημιουργοῦ
648 2378 714 2441 τῶν
734 2370 821 2440 ὅλων
835 2379 890 2440 καὶ
908 2369 992 2456 αὐτὴ
1006 2382 1175 2461 γενομένη,
1199 2372 1261 2455 τήν
1282 2389 1316 2440 18

269 2608 291 2659 2.
309 2602 510 2677 ἀποκαθαίρειν
527 2605 559 2656 Β.
580 2600 592 2672 ΙΙ
615 2603 724 2670 aelami]
743 2605 778 2656 aie
792 2604 872 2669 Act),
897 2609 992 2659 τελειοῖ
1009 2627 1037 2658 τι
1055 2607 1088 2660 0,
1161 2609 1187 2659 8.
1216 2627 1261 2659 τε-

269 2697 308 2745 λεῖ
326 2692 379 2744 ΑΟ.
422 2694 464 2744 10.
483 2688 542 2756 τοι]
556 2712 583 2745 τι
595 2690 677 2744 Aci).
689 2687 701 2760 ΙΙ
713 2689 871 2763 προσθῆκαι
881 2692 915 2744 0.
943 2713 946 2716 ’
960 2695 1000 2744 ll.
1020 2693 1072 2746 τῶν
1082 2692 1151 2762 prins
1164 2713 1216 2745 orn.
1230 2693 1262 2744 C.

271 2779 313 2829 12.
338 2775 420 2842 τῷδε]
440 2776 542 2838 ιίοΑῙ),
566 2775 642 2843 epidi
661 2778 695 2830 0.
752 2780 793 2830 15.
820 2777 956 2848 πρόδιστοι
974 2780 1008 2832 D.
1067 2782 1108 2833 18.
1139 2777 1210 2847 αὕτη
1229 2781 1261 2830 Α.

141 2990 182 3050 23
270 2980 399 3055 Quinimo
412 2982 501 3036 varius
513 2979 560 3036 ille
573 2983 768 3041 sacrificiorum
779 2984 875 3040 modus
888 2985 1049 3062 quandoque
1059 2996 1165 3063 purgat,
1178 3006 1262 3062 quan-

198 3067 287 3145 doque
306 3088 337 3124 ea
355 3087 422 3143 quae
440 3068 469 3122 in
487 3066 566 3123 nobis
585 3078 649 3124 sunt
667 3079 712 3126 aut
730 3071 803 3126 eirca
821 3090 871 3126 nos
890 3070 1007 3148 perficit,
1025 3091 1093 3147 quae
1109 3081 1176 3130 suut
1188 3074 1262 3130 inor·

197 3154 288 3211 dinato
306 3153 341 3210 ad
359 3156 542 3228 symmetriam
560 3163 588 3209 et
607 3154 728 3211 ordinem
746 3157 877 3223 restituit,
903 3155 987 3215 uliaa
1011 3156 1170 3215 mortalibus
1188 3177 1263 3215 erro·

198 3240 272 3297 ribus
285 3239 351 3296 alias
363 3239 469 3307 liberat,
483 3242 571 3296 omnia
584 3240 699 3317 denique
711 3240 837 3298 conciliat
849 3240 1045 3298 universalibus
1054 3247 1157 3301 naturis
1167 3254 1263 3303 nostra

198 3325 363 3384 melioribus.
390 3326 519 3401 -quaudo
538 3328 619 3404 igitur
635 3328 669 3383 fit
686 3330 812 3403 utrinque
831 3330 998 3405 conspiratio
1021 3327 1097 3386 illinc
1120 3349 1263 3391 causarum

197 3413 349 3472 divinarum
367 3411 429 3468 hino
447 3411 621 3473 humanarum
638 3416 872 3492 praeparationum
884 3435 917 3470 ex
930 3435 1015 3490 aequo
1028 3414 1263 3491 respondentium,

197 3510 261 3557 tuno
279 3499 406 3557 sacrificii
425 3501 546 3576 operatio
564 3500 684 3577 perlecta
703 3502 792 3559 omnia
811 3500 921 3577 quidem
938 3501 1009 3558 bona
1031 3500 1149 3578 perlecta
1167 3510 1195 3556 et
1213 3502 1263 3556 im·

197 3603 288 3641 mansa
306 3595 433 3663 reportat.

268 3668 325 3725 Sed
342 3681 369 3725 et
385 3674 551 3748 praestiterit
568 3671 696 3730 nonnulla
714 3671 766 3728 alia
784 3672 886 3730 addere
904 3674 938 3730 ad
956 3675 1150 3732 aoouratiorem
1163 3672 1261 3733 horum

197 3753 408 3830 intelligentiam.
452 3761 481 3814 in
495 3761 585 3816 causis
603 3761 723 3816 universi
742 3762 876 3836 supremis
888 3781 920 3817 ea
931 3771 975 3816 est
987 3761 1159 3817 exuberantia
1171 3770 1263 3836 potes-

197 3842 272 3907 tatis,
291 3849 321 3896 ut
340 3845 447 3900 eumin
465 3843 527 3901 aliis
547 3855 603 3902 tum
621 3848 701 3902 etiam
719 3847 748 3902 iu
759 3844 813 3902 hoo
832 3847 956 3904 universa
976 3856 1113 3924 exuperet,
1132 3844 1263 3903 videlieet

196 3926 272 4006 quod
290 3926 413 3986 omnibus
432 3949 568 4004 exaequo
587 3953 639 3989 uua
667 3932 813 4007 eademque
836 3933 895 3990 aine
917 3931 1108 4009 impedimento
1131 3951 1263 4008 praesens

197 4018 241 4071 sit
291 4012 342 4069 lrac
361 4012 441 4086 igitur
459 4016 563 4073 ratione
579 4020 639 4094 ipsa
657 4017 704 4075 illa
722 4020 841 4075 omnium
858 4019 944 4095 prima
964 4017 1065 4077 ultimis
1084 4037 1171 4093 usque
1185 4016 1263 4080 allui-

197 4110 277 4174 geut,
301 4109 329 4155 et
354 4096 536 4154 immaterialia
559 4104 691 4179 principia
716 4103 898 4160 materialibus
922 4103 1020 4159 adsunt
1042 4103 1263 4160 immaterialiter.

201 4187 249 4241 sed
268 4208 316 4242 nec
336 4186 434 4241 mirum
453 4185 576 4260 cuiquam
593 4187 724 4255 videatur,
743 4192 767 4244 si
787 4199 813 4244 et
831 4192 969 4245 materiam
987 4189 1104 4265 aliquam
1122 4210 1219 4268 puram
1237 4200 1265 4245 et

609 4266 622 4283 ⁶
1109 4274 1121 4313 ι
