2776 4876
149 349 177 412 9,
189 351 206 401 2
1169 354 1224 408 273

166 498 369 569 ἀπευθύνειν
396 506 612 589 πειραθῶμεν
640 498 699 570 τόν
727 500 870 571 δυνατόν
897 505 978 592 ἡμῖν
1000 504 1133 592 τρόπον.
1179 508 1222 587 ῶς

166 617 226 699 μὲν
248 605 308 681 οὖν
331 612 442 690 ἁπλῶς
465 621 580 693 είπεῑν,
609 616 722 694 διττῆς
743 615 846 697 οάσης
865 621 940 703 περὶ
961 614 1021 684 τόν
1041 617 1127 684 ’ίὸιον
1148 622 1221 687 δαί-

130 738 147 790 8
165 747 255 811 μονα
276 730 516 812 πραγματείας,
546 729 606 806 τῆς
626 730 686 811 μέν
710 730 908 813 θεουργικῆς
929 731 989 809 τῆς
1011 731 1046 794 δὲ
1068 732 1222 814 τεχνικῆς,

164 841 222 903 καὶ
244 841 304 918 τῆς
317 840 377 923 μὲν
393 834 460 903 ἀπὸ
475 840 541 904 τῶν
556 833 692 905 ἀνωθεν
707 842 821 905 αἰτιῶν
837 835 941 906 αυτόν
956 843 1221 927 ἐπικαλουμένης,

164 951 225 1028 τῆς
248 951 284 1014 δὲ
306 944 374 1015 ἀπὸ
395 953 462 1015 τῶν
483 956 519 1016 έν
541 951 579 1040 τῇ
594 955 717 1033 γενέσει
732 954 886 1041 φανερῶν
899 949 1071 1037 περιόδων,
1091 957 1148 1018 καὶ
1161 956 1221 1034 τῆς

130 1062 225 1145 σμέν
247 1058 342 1126 οὐδὲν
362 1064 617 1146 προσχρωμένης
638 1064 904 1151 γενεθλιαλογίᾳ,
930 1066 990 1144 τῆς
1011 1066 1046 1130 δὲ
1074 1069 1220 1152 ἐφαπτο-

164 1175 265 1255 μένης
285 1174 342 1237 καὶ
363 1173 428 1236 τῶν
451 1166 609 1236 τοιοότων
630 1167 798 1256 μεθόδων,
820 1177 877 1239 καὶ
900 1177 959 1255 τῆς
980 1177 1040 1258 μέν
1060 1173 1141 1263 ὑπὲρ
1158 1168 1221 1256 τὴν

165 1276 266 1368 φύσιν
287 1278 564 1368 καθολικώτερον,
592 1284 652 1362 τῆς
674 1284 709 1348 δέ
730 1288 895 1370 μεριστῶς,
915 1279 1001 1351 κατά
1028 1281 1091 1367 τὴν
1119 1283 1221 1374 φύσιν

130 1386 266 1458 natvm
288 1390 555 1478 θεραπευοόσης,
584 1390 718 1470 ἀτόπως
740 1419 797 1478 μοι
820 1392 861 1461 σύ
883 1396 989 1472 δοκεῖς
1010 1389 1072 1477 τὴν
1098 1398 1219 1463 τελειο-

163 1507 263 1589 τέραν
284 1507 471 1592 ἱερουργίαν
493 1507 546 1570 ἐπὶ
568 1499 630 1585 τὴν
650 1503 872 1592 ἀνθρωπίνην
893 1505 1133 1593 ἀπενεχθῆναι,
1162 1509 1219 1574 καὶ

164 1618 217 1681 ἐπὶ
239 1612 360 1696 ταύτης
378 1613 548 1700 -γυμνάσαι
570 1611 630 1693 τάς
652 1621 777 1683 σαυτοῦ
798 1616 978 1703 ἐρωτήσεις.

111 1734 146 1785 1²
248 1721 382 1793 Ἔπειτα
403 1730 459 1793 καὶ
483 1724 636 1794 ἐνταῦθά
658 1751 716 1812 μοι
732 1731 835 1819 φαίνῃ
848 1726 959 1816 βραχύ
980 1754 1011 1793 τι
1026 1725 1145 1814 μόριον
1160 1732 1218 1809 τῆς
1235 1737 1255 1795 2

163 1841 238 1924 περὶ
266 1833 369 1905 αὐτόν
395 1841 623 1926 πραγματείας
651 1836 918 1923 ἀποτέμνεσθαι·
955 1836 1126 1906 εἰωθότων
1153 1833 1218 1927 γάρ

163 1951 228 2015 τῶν
249 1953 324 2036 περὶ
345 1945 407 2030 τὴν
433 1946 534 2038 φύσιν
563 1953 792 2036 έργοτεχνιτῶν
820 1948 889 2017 ἀπό
916 1974 952 2016 τε
979 1954 1047 2016 τῶν
1074 1951 1219 2016 ὃεκανῶν

111 2073 145 2125 tt
162 2062 220 2125 καὶ
240 2062 305 2127 τῶν
327 2063 523 2147 λειτουργῶν
545 2061 668 2140 ζωόίων
691 2067 803 2129 τεκαὶ
825 2057 964 2150 ἀστρων,
986 2060 1082 2141 ἡλίου
1103 2082 1138 2124 τε
1162 2062 1218 2125 καὶ

163 2166 310 2251 σελήνης,
332 2174 389 2237 καί
411 2167 478 2236 ἀπὸ
500 2174 566 2236 τῶν
581 2167 719 2259 ἀρκτων,
742 2171 803 2263 ἀφ’
820 2169 906 2239 ὅλων
920 2197 954 2238 τε
969 2175 1035 2239 τῶν
1050 2174 1218 2258 στοιχείων

162 2284 220 2348 καὶ
241 2276 308 2347 ἀπὸ
330 2284 391 2348 τοῦ
403 2278 530 2365 κόσμου
544 2284 657 2347 καλεῖν
672 2278 774 2349 αὐτόν
794 2288 1006 2366 τεταγμένως,
1029 2279 1088 2347 οὐκ
1103 2281 1218 2371 ὀρθῶς

233 2492 259 2543 5.
288 2487 406 2560 φανερῶς
433 2489 467 2541 D.
609 2491 635 2541 8.
666 2493 879 2561 καθολικοτέρυκ
905 2489 939 2540 D.
970 2483 981 2556 ΙΙ
1011 2486 1073 2557 της]
1102 2495 1158 2548 τοῖς
1186 2487 1216 2541 C.

233 2577 257 2629 9.
287 2570 373 2629 αάτάν
397 2573 478 2637 (corr.
502 2575 556 2626 ead.
579 2595 646 2627 man.
670 2570 770 2645 αάτὸν)
795 2581 831 2639 Α,
857 2570 943 2628 ababa
966 2574 1021 2626 CD.
1051 2569 1064 2642 ll
1092 2569 1216 2639 ἀτόπως]

232 2655 332 2730 ἀτόμου
348 2660 378 2713 Β.
392 2655 404 2729 ΙΙ
416 2659 477 2732 μοι]
496 2661 532 2712 sic
551 2662 635 2722 Act).
661 2682 713 2713 om.
732 2663 765 2714 0.
845 2663 886 2714 ll.
914 2663 1059 2731 γυμνασίαν
1076 2660 1108 2710 D.
1122 2653 1135 2726 ΙΙ
1148 2677 1216 2712 σαυ-

231 2745 296 2813 τοῦ]
316 2741 401 2799 αὐτοῦ
420 2746 449 2801 C.
546 2749 588 2802 12.
616 2751 705 2819 φαίνει
722 2747 756 2798 D.
853 2752 895 2800 13.
922 2741 1061 2799 αὖτὼνἸ).
1081 2739 1094 2813 ΙΙ
1115 2739 1217 2798 ἀποτέ-

231 2838 337 2902 μεσθοα
361 2833 440 2885 ACD.
568 2834 608 2886 ll.
636 2831 832 2904 ίργοτεχνιτῶυ]
851 2832 1037 2895 aicvetsenius,
1064 2836 1217 2903 ίργοτεχνη-

232 2915 285 2971 τῶν
303 2918 336 2971 0.

161 3092 255 3148 ordine
273 3103 395 3150 tractare.
440 3115 501 3150 cum
519 3104 607 3150 autem
625 3104 656 3150 ut
673 3093 833 3171 simpliciter
846 3092 941 3160 dicam,
960 3089 1061 3168 duplex
1073 3092 1110 3145 sit
1121 3100 1217 3146 tracta·

161 3188 205 3234 tus
223 3178 257 3235 de
275 3179 404 3236 daemone
423 3183 519 3257 cuique
536 3182 656 3258 proprio,
675 3178 744 3235 alter
761 3179 870 3255 quidem
888 3198 965 3235 sacer
975 3177 1044 3232 alter
1059 3175 1216 3244 artificialis,

160 3264 210 3320 ille
226 3264 382 3322 daemonem
401 3287 415 3322 a
433 3269 558 3343 supernis
582 3267 670 3322 musis
689 3263 810 3332 deducit,
832 3263 877 3319 bic
898 3285 914 3319 a
936 3262 1094 3319 circuitibus
1118 3264 1164 3337 qui
1189 3264 1217 3318 in

161 3354 334 3427 generatione
352 3355 567 3430 conspiciuntur,
590 3350 638 3407 ille
660 3349 727 3406 nibil
751 3361 827 3406 curat
848 3349 1060 3428 explorationem
1081 3351 1217 3422 geniturae

160 3439 380 3515 uniuscuiusque,
397 3437 443 3494 bic
460 3456 525 3494 vero
543 3436 696 3493 huiusmodi
714 3447 840 3514 operatur
857 3436 1014 3502 rationibus,
1036 3432 1153 3508 denique
1170 3431 1217 3490 ille

159 3524 307 3580 universali
325 3521 405 3579 modo
424 3532 452 3578 et
469 3522 674 3600 supernaturali,
696 3521 741 3579 bic
758 3521 914 3600 particulari
932 3530 960 3576 et
977 3540 1011 3576 ex
1029 3527 1122 3575 natura
1139 3516 1216 3572 illum

160 3607 234 3665 colit.
282 3610 373 3685 inepte
391 3611 472 3684 igitur
488 3619 519 3665 tn
536 3609 602 3665 mibi
620 3609 722 3666 rideris
739 3610 963 3688 praestantiorem
981 3603 1112 3685 culturam
1124 3603 1158 3659 ad
1169 3602 1217 3658 bn·

159 3713 267 3751 manum
285 3693 393 3751 colendi
410 3694 518 3752 modum
535 3694 721 3763 transtulisse,
745 3698 826 3772 inque
844 3713 876 3750 eo
894 3692 1023 3749 duntaxat
1045 3691 1216 3766 quaestiones

159 3790 220 3837 tuas
238 3781 398 3836 exercuisse

232 3865 306 3940 Quid
325 3865 398 3942 qnod
416 3876 444 3922 et
465 3865 509 3922 bic
531 3869 652 3943 exiguam
669 3875 772 3922 tantum
789 3864 965 3941 desumpsisti
983 3871 1086 3939 partem
1103 3860 1139 3918 de
1156 3855 1253 3917 dae-2

160 3971 240 4008 moue
257 3951 310 4008 boc
328 3951 533 4029 disputationis3
556 3972 617 4008 nam
635 3971 696 4010 cum
713 3953 733 4006 ii
751 3952 798 4026 qui
817 3952 887 4006 circa
905 3958 1025 4004 naturam
1047 3947 1082 4004 ad
1105 3946 1157 4003 boc
1176 3965 1216 4001 ar-

159 4039 277 4094 tificiose
296 4047 451 4115 operantur,
475 4036 579 4094 soleant
597 4036 718 4093 ordinate
736 4055 834 4092 vocare
851 4035 1006 4092 daemonem
1028 4055 1043 4091 a
1061 4032 1170 4090 decanis
1188 4039 1216 4085 et

159 4123 262 4180 zodiaci
286 4122 443 4181 animalibus
466 4124 596 4181 iniluxnm
618 4122 850 4200 dispensantibus,
877 4133 935 4179 tum
957 4124 1038 4178 etiam
1061 4140 1077 4173 a
1095 4115 1215 4174 stellisa

160 4210 219 4267 sole
237 4220 265 4266 et
282 4209 344 4267 luna
363 4220 391 4266 et
408 4211 476 4287 ipsis
494 4209 575 4288 polis,
594 4209 628 4266 ab
640 4209 763 4266 omuibus
777 4207 917 4268 elementis
929 4218 957 4264 et
968 4204 1068 4264 mundo
1080 4205 1215 4271 universo,

1018 4315 1051 4366 18
