2776 4876
208 357 262 412 aoo
1080 327 1086 334 ⁸
1210 358 1264 422 no

209 520 271 604 ὲρῶ
293 517 352 598 μὲν
374 505 432 578 οὖν
454 509 524 598 ἐγώ,
547 516 602 578 καὶ
624 514 819 598 προθυμίας
840 510 935 578 οὐδὲν
951 511 1137 599 ἀπολείψω·
1161 517 1264 599 πειρῶ

209 627 239 693 δ’
258 629 399 694 ἕπεσθαι
422 633 491 702 τοῖς
513 621 682 707 συντόμως
702 624 986 707 ἀποδεικνυμένοις
1008 627 1064 689 καὶ
1078 629 1190 711 μέχρις
1204 631 1263 709 εμ-

208 736 340 828 φάσεως
363 739 461 814 ἐνίοις
488 737 676 823 προϊοῦσιν·
705 733 767 820 ἐγώ
795 737 829 801 δέ
860 756 912 801 σοι
936 739 1017 820 λέγω
1047 732 1086 800 τό
1115 760 1151 820 γε
1180 732 1297 822 ὲμάν3

208 847 316 935 δόγμα
337 852 411 936 περὶ
433 851 579 926 θυσιῶν,
606 846 649 925 ώς
671 846 825 914 οὐδέποτε
848 843 952 924 αιἰτάς
979 848 1030 913 δεῖ
1056 852 1264 935 προσίεσθαι

207 963 302 1046 τιμῆς
324 956 428 1044 μόνης
450 967 551 1037 ἕνεκα,
574 955 731 1047 καθάπερ
754 954 795 1038 δὴ
818 962 961 1044 τιμῶμεν
983 954 1059 1037 τοὺς
1082 959 1262 1049 εὐεργέτας,

207 1070 282 1139 οὐδὲ
305 1070 485 1157 ὁμολογίας
507 1078 600 1137 ίνειια
619 1073 772 1157 χαρίτων,
804 1067 858 1159 ἐφ’
878 1065 927 1146 οἷς
950 1069 1030 1155 ἡμῖν
1052 1077 1083 1138 οἱ
1106 1076 1184 1139 θεοὶ
1208 1075 1298 1142 ‹te-‘e

206 1181 349 1249 δώκασιν
377 1181 539 1268 ἀγαθοῖς,
569 1180 643 1249 οὐδὲ
673 1180 824 1267 ἀπαρχῆς
842 1179 942 1271 χάριν
969 1176 991 1261 ἢ
1019 1181 1133 1270 δώρων
1160 1187 1261 1250 τινῶν

206 1293 410 1375 ἀντιδόσεως,
433 1293 493 1384 ἀφ’
513 1286 559 1359 ὧν
580 1292 661 1379 ἡμῖν
675 1297 874 1379 παρέχουσιν
889 1297 921 1359 ol
937 1296 1015 1360 θεολ
1030 1296 1260 1382 πρεσβυτέρων

206 1404 334 1496 δώρων·
356 1403 451 1473 κοινά
472 1401 537 1491 γάρ
559 1408 664 1472 ταῦτα
679 1399 833 1491 καὶπρὸς
853 1402 1056 1488 ἀνθρώπους
1070 1409 1167 1486 ἐστίν,
1191 1404 1260 1472 ἀπό
1280 1421 1297 1471 9

205 1543 240 1585 τε
261 1522 321 1600 τῆς
342 1521 453 1599 κοινῆς
475 1516 624 1597 είληπται
645 1518 820 1594 πολιτείας,
843 1513 881 1582 τό
904 1520 969 1581 τῶν
985 1520 1076 1583 θεῶν
1091 1520 1262 1596 παντελῶς

205 1629 361 1717 ὑπερέχον
384 1631 439 1693 καὶ
462 1624 500 1693 τό
523 1629 582 1706 τῆς
604 1625 725 1707 τώξεως
747 1625 863 1705 αὐτῶν,
890 1625 933 1703 ώς
961 1631 1076 1694 αἰτίων
1103 1628 1262 1721 λξῃρημέ·

205 1763 278 1821 νων,
302 1741 462 1825 μηδαμῶς
484 1734 696 1817 διασώζοντα.
1078 1744 1086 1753 ”
1281 1749 1314 1802 12

167 1856 188 1915 6
300 1848 346 1917 Τό
370 1853 403 1917 δὲ
425 1857 580 1935 μέγιστον
602 1846 640 1914 τὸ
664 1848 864 1937 δραστήριον
887 1852 952 1917 τῶν
972 1853 1109 1931 θυσιῶν,
1131 1856 1187 1920 καὶ
1203 1848 1262 1918 διά

205 1968 237 2031 τί
258 1960 402 2048 μάλιστα
432 1963 578 2027 τοσαῦτα
607 1963 759 2039 ἐπιτελεῖ,
792 1961 835 2039 ώς
862 1958 944 2047 μήτε
973 1965 1097 2048 λοιμῶν
1125 1967 1261 2032 παῦλαν

203 2071 284 2161 μήτε
307 2076 404 2161 λιμοῦ
426 2069 447 2154 ἢ
469 2070 615 2161 ἀφορίας
633 2076 734 2158 χωρίς
756 2071 864 2138 αὐτῶν
886 2076 1072 2156 γίγνεσθαι,
1094 2073 1176 2160 μήτε
1200 2072 1259 2162 ὅμ-
1279 2092 1311 2141 15

203 2188 294 2275 βρων
317 2182 469 2266 αἰτήσεις,
493 2181 574 2267 μήτε
596 2180 639 2247 τά
661 2181 835 2272 τιμιώτερα
850 2182 984 2263 τούτων,
1008 2181 1073 2251 ὅσα
1089 2193 1133 2264 είς
1149 2193 1259 2276 ψυχῆς

202 2295 375 2386 κάθαρσιν
397 2291 419 2377 ἢ
440 2297 605 2362 τελείωσιν
626 2288 649 2374 ἢ
670 2288 731 2375 τὴν
752 2291 820 2362 ἀπὸ
842 2297 902 2376 τῆς
922 2302 1077 2380 γενέσεως
1105 2297 1259 2366 ἀπαλλα-

202 2405 265 2496 γὴν
288 2405 524 2496 συμβάλλεται,
552 2410 657 2474 ταῦτα
687 2403 728 2486 δὴ
751 2397 810 2473 οὖν
840 2405 909 2473 οὐδ’
929 2402 1012 2487 ὅλως
1040 2413 1260 2479 ἐνδείκνυνται
1279 2424 1313 2475 18

274 2649 299 2700 3.
326 2644 403 2717 ἐμὸν]
422 2647 486 2715 ἐμῶν
506 2647 537 2697 ὓ.
636 2647 662 2699 l.
690 2640 832 2700 οάδένποτι
849 2647 906 2698 ΑΙ).
956 2687 964 2709 ,
1006 2650 1030 2702 7.
1057 2643 1207 2720 ἀπ’ἆρχῆς
1225 2650 1256 2702 Β.

273 2736 297 2786 8.
327 2730 488 2791 ἀντιδώσεως
507 2733 540 2784 D.
615 2734 655 2786 10.
682 2730 829 2798 παντελῶς]
848 2731 884 2784 εἰσ
899 2732 951 2794 AC,
976 2753 1026 2785 orn.
1041 2735 1074 2788 0.
1149 2738 1191 2793 15.
1219 2739 1257 2789 λι-

272 2817 340 2887 μοῖι]
360 2816 438 2884 λιμῶν
458 2818 537 2881 acl),
565 2819 655 2887 λοιμόν
673 2819 705 2870 Β.
779 2820 872 2872 loto.
901 2815 1000 2889 ὄμβρον
1019 2819 1048 2871 C.

201 3034 288 3081 autem
306 3025 413 3099 assequi
432 3044 499 3099 quae
518 3034 581 3079 sunt
598 3025 717 3082 breviter
735 3045 749 3079 a
769 3034 795 3079 te
808 3025 965 3101 significata,
984 3046 1104 3102 quaeque
1115 3047 1165 3104 per
1176 3037 1257 3082 notas

201 3113 277 3187 quasi
296 3109 464 3166 subindicare
483 3119 509 3165 te
528 3108 598 3166 velle
615 3110 701 3167 video.
746 3111 780 3166 de
792 3111 933 3168 sacrifieiis
945 3113 1026 3188 igitur
1037 3114 1197 3168 sententiam
1209 3133 1259 3168 no-

200 3207 283 3254 stram
296 3199 335 3252 sie
348 3195 453 3252 habeto.
499 3197 630 3254 sacrificia
649 3207 775 3272 quantum
793 3216 842 3272 ego
862 3217 958 3254 censeo
975 3219 1029 3254 non
1042 3209 1105 3256 sunt
1117 3199 1256 3256 offerenda

162 3329 169 3347 s
200 3293 246 3339 aut
257 3281 342 3339 solius
353 3282 465 3338 honoris
478 3281 594 3339 habendi
603 3303 689 3350 eausa,
709 3282 930 3360 quemadmodum
943 3284 1061 3341 solemus
1074 3286 1171 3341 offerre
1183 3285 1257 3341 dona

199 3368 425 3436 benefactoribus,
449 3368 498 3424 sed
517 3388 566 3425 nee
585 3369 618 3424 ad
639 3379 727 3445 grates
750 3367 901 3425 referendas
918 3390 969 3447 pro
994 3371 1074 3427 bonis
1096 3393 1111 3426 a
1133 3369 1186 3425 diis
1212 3392 1258 3428 au·

199 3459 297 3535 ceptis,
321 3455 370 3512 sed
388 3474 439 3510 nee
461 3464 595 3530 tamquam
617 3456 750 3532 primitiae
772 3464 818 3510 aut
840 3455 909 3510 dona
933 3458 1061 3533 quaedam
1084 3456 1257 3534 gratitudinis

198 3562 261 3618 ergo
280 3561 329 3619 pro
347 3541 427 3597 donis
446 3540 599 3607 maioribus,
619 3560 685 3616 quae
703 3541 782 3597 nobis
800 3541 839 3596 dii
854 3553 992 3618 praestare
1004 3544 1119 3620 possint.
1163 3541 1259 3599 huius-

199 3627 273 3683 modi
291 3628 408 3682 rationes
426 3625 549 3702 vulgares
568 3636 595 3682 et
617 3626 746 3682 humanae
769 3639 844 3696 sunt,
870 3639 897 3685 et
920 3651 934 3685 a
960 3631 1093 3685 communi
1116 3629 1257 3686 hominum

199 3711 392 3768 consuetudine
409 3715 516 3790 petitae,
536 3732 700 3789 nequaquam
719 3733 783 3768 vero
802 3716 991 3772 convenientes
1010 3717 1122 3772 deorum
1133 3716 1257 3772 'eximiae

198 3799 330 3854 maiestati
348 3806 375 3852 et
393 3799 481 3854 ordini
500 3809 527 3854 et
545 3799 693 3856 causalitati
712 3820 859 3876 supremae.

160 3882 179 3940 6
270 3881 352 3956 Quod
369 3891 456 3937 autem
473 3888 646 3963 praecipuum
664 3889 751 3941 estin
769 3887 917 3954 sacrificiis,
941 3886 1126 3944 efficacitatem
1144 3884 1206 3942 dieo
1227 3897 1256 3942 et

198 3989 279 4046 quare
298 3977 384 4022 tantas
403 3968 531 4025 utilitates
550 3972 628 4027 nobis
647 3973 800 4040 conficiunt,
820 3983 849 4027 ut
867 3975 926 4028 sine
944 3973 983 4028 eis
1002 3993 1056 4028 non
1074 3973 1220 4029 liberemur
1240 3994 1255 4028 a

196 4065 272 4131 peste
291 4074 305 4108 a
324 4051 392 4108 fame
410 4073 424 4107 a
442 4058 560 4130 penuria,
579 4064 628 4114 σου
647 4057 818 4136 impetremus
837 4058 936 4114 imbres
955 4070 1132 4138 opportunos,
1152 4080 1203 4115 nec
1224 4081 1255 4115 ea

197 4160 263 4215 quae
281 4141 323 4196 his
342 4139 466 4195 omnibus
484 4142 705 4218 praeponderant,
727 4165 756 4199 ea
776 4144 897 4220 intelligo
916 4166 983 4221 quae
1007 4147 1041 4202 ad
1059 4148 1162 4202 animae
1179 4149 1256 4224 puri·

196 4223 346 4283 ficationem
365 4236 409 4282 aut
426 4225 616 4304 perfectionem
635 4239 661 4284 et
679 4230 713 4286 ad
731 4233 788 4286 eius
807 4232 1013 4307 egenerationis
1026 4232 1152 4289 sordibus
1164 4252 1256 4288 eman·
