2776 4876
201 368 274 432 s,1o
1224 367 1258 421 91

204 519 338 600 οὐδενός
358 522 453 602 ένδεῆ
475 517 644 587 τὸνθεόν
666 544 777 609 φαμεν
800 518 884 586 εἶναι
905 518 1043 599 κάλλους
1074 521 1148 589 οόδέ
1173 546 1260 601 τινος

204 632 332 720 ἀρετῆς,
353 627 397 713 ἣν
419 628 492 699 οἶόν
515 631 543 696 τ’
560 635 629 698 ἐστὶ
652 626 707 698 διολ
724 629 831 715 λόγων
851 629 941 716 αὐτῷ
954 637 1165 722 προσθεῖναι.
1204 639 1259 700 καὶ

169 759 185 811 3
204 740 272 830 μὴν
295 747 331 811 oi'
349 766 386 827 ys
408 737 541 828 όίγγελοι
562 745 618 808 καὶ
641 743 797 826 δαίμονες
820 738 887 808 ἀπὸ
903 745 995 810 θεῶν
1017 743 1068 811 ἀεὶ
1082 747 1260 832 παραλαμ-

204 850 345 939 βάνουσι
366 848 428 934 τὴν
443 851 625 934 ἀλήθειαν·
649 850 731 920 ὥστε
747 852 843 920 οὐδὲν
857 852 1012 920 οὐδέποτε
1028 851 1121 945 παρὰ
1135 853 1259 936 ταύτην

205 967 336 1050 λέγουσι
363 967 477 1031 τέλειοι
509 959 600 1042 ὄντες
629 958 715 1030 κατὰ
743 960 804 1045 τὴν
832 963 938 1045 αὐτόν
967 966 1084 1034 οὐσίαν
1106 963 1260 1052 ἑκάτεροι,

170 1076 281 1149 doridi
304 1074 386 1162 αὐτῇ
407 1078 609 1162 προσθεῖναι
631 1078 744 1142 πλεῖον
767 1081 812 1154 είς
833 1077 1030 1163 δοξολογίαν
1053 1075 1219 1144 δύνανται.
1307 1148 1311 1163 ι

294 1185 388 1253 Πότε
403 1178 471 1253 οὖν
494 1188 667 1271 συμβαίνει
689 1183 726 1253 τό
750 1185 926 1274 λεγόμενον
956 1182 1020 1255 ὑπό
1049 1190 1111 1255 σοῦ
1132 1188 1260 1268 ἀπατηὲ

207 1297 275 1379 λόν,
297 1295 337 1364 τό
360 1303 418 1379 τῆς
440 1301 727 1386 περιαυτολογίαςς
750 1298 847 1379 ἡνίκα
870 1294 912 1367 dv
935 1296 1117 1389 ἁμάρτημά
1133 1325 1165 1364 τι
1179 1321 1261 1384 συμ-

173 1426 188 1477 t
205 1412 306 1502 βαίνῃ
327 1413 401 1497 περὶ
423 1405 483 1490 τὴν
508 1404 706 1497 δεουργικὴν
727 1415 852 1496 τέχνην,
875 1406 990 1497 καὶμὴ
1006 1408 1062 1477 olo
1079 1412 1128 1477 δεῖ
1144 1406 1186 1475 τοί
1202 1408 1261 1476 αό-

206 1517 344 1589 τοπτικὰ
359 1517 538 1606 ἀγάλματα
553 1517 626 1585 ἀλλ’
641 1525 735 1607 έτερα
750 1519 834 1586 ἀνθ’
849 1527 967 1611 ἑτέρων
981 1519 1170 1612 ἀπαντήσῃ·
1187 1519 1261 1587 τότε

207 1629 272 1721 γὰρ
294 1631 503 1718 ὑποδυόμενα
525 1626 568 1696 soi
589 1631 827 1721 καταδεέστερα
848 1628 888 1698 τὸ
904 1636 969 1699 τῶν
984 1637 1188 1720 σεμνοτέρων
1203 1630 1261 1696 τοί-

156 1763 191 1814 12
209 1743 289 1825 ξειυν
304 1747 423 1830 σχῆμα,
445 1754 675 1832 προσποιεῖται
689 1748 793 1808 έκεῖνο
810 1738 894 1809 εἶναι
909 1739 989 1833 ὅπερ
1002 1742 1189 1821 ὑποδέδυκε,
1207 1746 1263 1809 καὶ

209 1858 361 1922 ένταῦθα
382 1852 548 1935 ἀλαζόνας
562 1858 712 1942 προίεται
726 1850 844 1938 λόγους
859 1857 915 1919 καὶ
928 1856 1081 1940 μείζονας
1102 1857 1161 1935 τῆς
1175 1879 1262 1943 παρ-

211 1963 311 2047 ούσης
344 1965 458 2043 αὐτοῖς
490 1962 666 2051 δυνάμεως.
719 1962 776 2031 oica
812 1962 876 2052 γὰρ
907 1965 1012 2051 οἶμαι,
1045 1967 1105 2047 τῆς
1133 1962 1264 2054 πρώτης
1341 1950 1343 1954 ⁴

158 2100 192 2151 ιε
211 2075 314 2165 ἀρχῆς
338 2074 495 2162 κιβδήλου
522 2081 783 2166 παραιρουμένης
811 2072 896 2143 πολι)
924 2073 962 2142 τό
991 2079 1115 2165 ψεῦδος
1142 2083 1178 2142 έκ
1206 2079 1265 2157 τῆς

210 2192 427 2277 παρατροπῆς
449 2196 580 2276 ἐπιρρεῖ,
604 2184 623 2252 ὃ
646 2182 687 2267 δὴ
710 2188 760 2252 δεῖ
772 2183 850 2265 τοὺς
864 2193 970 2274 ἱερέας
984 2184 1263 2273 καταμανθάνειν

211 2294 279 2367 ἀπὸ
301 2301 360 2381 τῆς
382 2298 462 2381 όλης
483 2297 605 2379 τάξεως
627 2305 664 2364 έν
686 2308 756 2376 τοῖς
776 2294 958 2388 φάσμασιν,
982 2294 1024 2380 ἢν
1040 2291 1075 2365 εὖ
1090 2301 1265 2384 τηροῦντες

284 2497 307 2546 1.
335 2497 420 2548 λνδεῖοι
438 2497 475 2557 Α,
502 2495 577 2560 evocet
594 2494 632 2556 Β,
659 2490 738 2546 ἐνδεᾶ
751 2492 784 2543 D.
911 2494 935 2544 2.
963 2487 1057 2559 αὖτῷῙ,
1076 2487 1160 2544 αὐτοῦ
1184 2490 1266 2554 ACD,

282 2575 371 2634 adrias
387 2580 419 2634 Β.
491 2582 554 2634 3.1.
581 2576 834 2651 παραλαμβάνουσι]
853 2577 888 2630 sic
900 2577 981 2641 Aen,
999 2575 1218 2649 προλαμβάνουσι
1231 2576 1265 2629 0.

283 2668 307 2718 5.
335 2680 391 2734 post
402 2669 495 2720 τίλειοι
514 2665 583 2718 Act>
602 2667 697 2718 addunt
714 2685 752 2718 τι.
825 2666 848 2717 li.
877 2659 951 2717 οὐδὲν
971 2663 1027 2715 ΑΙ).
1039 2657 1052 2730 ΙΙ
1064 2660 1221 2733 προσθῆναι
1235 2663 1264 2711 Α.

294 2745 306 2819 ΙΙ
319 2751 431 2804 δόνινται
441 2751 473 2804 Α.
524 2753 550 2804 8.
569 2751 722 2825 ἁμόρτιμιίν
733 2773 760 2804 τι
771 2751 805 2802 l).
850 2751 875 2804 8.
886 2751 910 2806 9.
928 2745 1073 2820 συμβαίνῃ]
1085 2747 1120 2799 aio
1129 2746 1267 2808 Volcenius,

282 2839 413 2906 συμβαίνῃ
432 2837 512 2902 ACD,
531 2842 669 2909 συμβαίνει
686 2837 719 2890 O·
792 2839 816 2891 9.
831 2839 891 2909 περὶ
907 2857 957 2888 om.
975 2837 1000 2886 D
1018 2850 1041 2887 et
1057 2836 1130 2888 habet
1146 2834 1173 2886 io
1190 2853 1265 2900 marg.

283 2942 347 2991 apr.
360 2944 394 2975 m.
467 2926 509 2978 11.
536 2922 705 2994 ὕπολυόμενα
722 2924 753 2975 Β.
827 2924 867 2976 14.
896 2918 978 2990 alric
996 2920 1049 2975 BC.
1123 2923 1164 2974 16.
1194 2916 1267 2973 Stes

284 3013 317 3076 δὴ
335 3011 399 3070 τοὺς
417 3010 470 3063 Ac.
554 3014 595 3062 17.
625 3002 669 3077 εὖ]
688 3006 721 3063 οὐ
742 3009 794 3061 ΑΒ.
816 3004 828 3077 ΙΙ
849 3011 995 3080 τηρούντας
1012 3008 1042 3062 Β.

214 3213 282 3270 quae
299 3195 390 3251 verbis
409 3196 434 3251 ei
451 3197 541 3273 possit
558 3193 646 3250 adiici.
693 3213 758 3248 sane
781 3195 859 3249 etiam
882 3191 969 3268 angeli
993 3200 1021 3246 et
1042 3189 1184 3245 daemones
1203 3186 1268 3242 boni

214 3283 353 3337 veritatem
371 3302 386 3336 a
405 3279 458 3336 diis
475 3282 572 3356 iugiter
590 3279 724 3347 hauriunt,
748 3281 783 3336 ita
802 3289 831 3334 ut
849 3299 899 3335 nee
917 3280 979 3356 ipsi,
1003 3295 1064 3333 cum
1086 3273 1209 3330 similiter
1226 3294 1268 3329 es-

215 3370 314 3423 sentias
331 3367 464 3446 perfeetas
482 3369 553 3423 nacti
571 3364 669 3421 luerint
686 3368 801 3441 utrique,
821 3365 965 3442 quidquam
983 3385 998 3419 a
1014 3363 1128 3418 veritate
1140 3359 1267 3415 deficiens

215 3456 321 3531 possint
338 3453 437 3521 dicere,
456 3473 506 3510 neo
525 3451 668 3528 quidquam
686 3451 800 3529 amplius
818 3453 958 3508 iactantiae
976 3470 1038 3526 ergo
1057 3465 1197 3526 apponere.

287 3539 403 3611 Quando
420 3542 502 3613 igitur
518 3537 617 3595 accidit
634 3536 680 3593 illa
699 3557 777 3613 quam
794 3546 824 3592 tu
842 3535 940 3612 allegas
953 3539 981 3592 in
993 3535 1115 3592 iactando
1128 3529 1268 3608 deceptio?

215 3623 322 3701 quando
340 3634 479 3700 peceatum
497 3622 606 3699 aliquod
623 3622 773 3679 admittitur
795 3624 824 3677 in
842 3632 900 3677 arte
916 3622 1061 3695 theurgica,
1072 3632 1074 3637 ‘
1085 3640 1134 3676 nee
1152 3639 1183 3674 ea
1202 3635 1268 3692 quae

216 3720 324 3788 oportet
342 3708 391 3764 sed
409 3708 459 3765 alia
476 3727 528 3787 pro
540 3707 600 3765 aliis
611 3711 724 3765 veniunt
735 3711 863 3784 imagines
875 3709 904 3762 in
916 3716 1103 3783 conspectum:
1121 3715 1186 3760 tunc
1198 3705 1270 3759 enim

215 3798 341 3854 inferiora
359 3797 466 3851 numina
484 3793 603 3850 habitum
614 3794 755 3850 meliorum
771 3794 893 3860 induunt,
912 3802 939 3846 et
950 3793 1113 3848 mentiuntur
1125 3811 1154 3846 se
1166 3812 1197 3846 ea
1208 3808 1269 3845 esse

217 3903 330 3960 quorum
348 3881 455 3938 schema
473 3889 568 3957 gerunt
585 3889 613 3934 et
630 3879 763 3956 gloriosos
776 3896 913 3935 sermones
925 3876 1073 3933 iaculantur
1085 3886 1112 3932 et
1122 3879 1269 3955 potcntiam

217 3971 270 4026 sibi
288 3973 359 4026 iusto
379 3969 504 4024 maiorem
523 3976 654 4042 arrogant.
699 3960 794 4042 'utique
812 3967 836 4020 si
857 3967 944 4043 primo
962 3967 989 4021 in
1012 3965 1145 4042 principio
1168 3959 1269 4037 aliquid

216 4059 277 4112 vitii
295 4065 427 4121 nascatur,
450 4074 484 4111 ex
502 4052 548 4108 illa
567 4050 717 4129 corruptela
737 4052 879 4130 plurimum
898 4052 1033 4108 derivatur
1051 4052 1177 4106 continuo
1199 4045 1270 4101 falsi·

218 4145 290 4209 tatis,
309 4162 386 4218 quam
406 4161 469 4197 sane
487 4150 602 4218 possunt
620 4140 774 4197 sacerdotes
792 4143 820 4197 ln
842 4140 976 4219 phasmasi
999 4134 1199 4214 deprehendere
1220 4151 1270 4209 per

220 4228 335 4304 regulam
359 4231 424 4286 artis
446 4230 543 4297 totius,
571 4247 649 4303 quam
672 4227 788 4304 regulam
811 4227 951 4302 diligenter
973 4220 1140 4281 observando
1163 4227 1270 4294 oportet
