2776 4876
208 340 234 402 b,
246 342 281 392 12
1210 341 1268 394 21⁸

208 491 454 581 ἀφομοιοῦνται
475 502 545 571 τοῖς
567 494 672 572 θεοῖς,
694 489 803 582 ὥσπερ
825 489 867 574 δὴ
889 496 945 560 καί
967 489 1006 559 τὸ
1020 497 1085 582 πῦρ
1100 492 1265 584 ἀφομοιοῖ

209 599 320 669 πάντα
342 599 384 669 τά
406 598 522 689 στερεά
544 607 600 671 καὶ
615 603 778 672 ἀντίτυπα
792 615 863 682 τοῖς
877 613 1049 695 φωτεινοῖς
1063 607 1119 670 καὶ
1134 607 1267 684 λεπτοῖς-

174 729 189 780 3
209 710 368 798 σώμασιν,
395 712 485 800 ἡμεῖς
505 738 540 781 τε
563 711 680 801 ἀνοίγει
701 711 758 781 daci
779 717 845 781 τῶν
866 717 996 782 θυσιῶν
1024 718 1082 780 καὶ
1109 716 1170 780 τοῦ
1197 719 1263 793 θα

208 828 367 905 ηπολικοῦ
388 820 491 912 πυρὰς
513 820 596 911 πρὸς
623 822 662 892 τὸ
691 827 756 892 νῦν
779 828 871 892 θεῶν
899 829 964 913 πῦρ
993 820 1079 892 κατά
1107 821 1150 891 toi
1179 822 1265 892 αι’πά

209 938 247 1021 τῇ
268 937 330 1001 τοῦ
355 931 457 1024 πυρὸς
479 934 634 1026 ἀναγωγῇ
663 937 703 1024 τῇ
731 932 814 1024 πρὸς
841 932 881 1002 τὸ
909 941 974 1024 πῦρ
997 941 1182 1028 επαγομίνγ
1209 941 1266 1005 καὶ

175 1043 391 1139 σάνιλκοῦσρ
414 1043 455 1112 roi
477 1041 663 1132 καταγωγά-
679 1049 736 1112 καὶ
757 1044 920 1113 ἀντίτυπα
942 1043 1025 1137 πρὸς
1046 1042 1089 1113 τά
1105 1050 1187 1113 θεῖα
1209 1050 1266 1114 καὶ

210 1152 251 1222 tei
274 1155 424 1246 οῦράνια.

294 1266 351 1346 Ὡς
371 1262 436 1354 γάρ
458 1267 572 1345 ἁπλῶς
594 1273 702 1345 doato,
727 1262 802 1333 οὔτε
825 1264 892 1334 ἀπὸ
915 1272 974 1350 τῆς
995 1266 1075 1350 ὕλης
1097 1264 1172 1335 odat
1195 1263 1262 1335 ἀπὸ
1285 1271 1323 1329 1²
1382 1264 1384 1266 ’

175 1391 192 1442 t
210 1380 273 1445 τῶν
296 1381 465 1463 στοιχείων
487 1372 561 1444 οὔτε
584 1375 641 1442 ἀπ’
661 1371 765 1443 ἀλλον
786 1374 875 1456 τινὸς
902 1380 968 1443 τῶν
996 1387 1264 1464 γιγνωσκομένων

209 1488 289 1574 ἡμῖν
310 1485 471 1574 σωμάτων
493 1491 563 1557 ἐστὶ
591 1483 632 1554 τὸ
659 1487 842 1576 ὑπηρετοῦν
872 1498 942 1566 τοῖς
970 1490 1126 1575 δαίμοσιν
1155 1485 1265 1577 ὄχημα

209 1601 436 1684 σωματοειδές.
489 1603 539 1677 τίς
566 1593 609 1665 ἀν
638 1590 699 1665 οὖν
728 1597 786 1664 ἀπ’
811 1594 914 1680 ἀλλης
943 1599 1059 1677 οὐσίας
1086 1607 1130 1677 είς
1158 1595 1266 1682 ἀλλην

157 1720 192 1771 1²
210 1708 327 1778 οῦσίαν
348 1715 477 1795 γίνοιτο
501 1706 544 1776 ἀν
566 1733 645 1776 ποτε
674 1707 924 1795 ἀποπλήρωσιςς
953 1703 976 1791 ἢ
1006 1714 1055 1787 τίς
1082 1708 1266 1789 ἀπόλαυσις

209 1817 276 1886 ἀπὸ
298 1825 364 1886 τῶν
387 1819 569 1908 ἀλλοτρίων
591 1831 660 1899 τοῖς
681 1819 869 1908 ἀλλοτρίως
897 1817 1036 1890 δύναται
1064 1825 1265 1909 προστίθεσ-

210 1935 292 2014 θαις
315 1930 374 1997 οῦκ
395 1934 484 1997 ἔστιν
498 1929 643 2016 οίδεμία,
666 1928 752 1999 ἀλλά
766 1927 851 1998 πολι)
865 1935 994 2016 μᾶλλον
1009 1929 1116 2022 ὥσπερ
1139 1939 1171 2000 οὶ
1186 1936 1266 2000 θεοὶ

157 2057 192 2109 15
210 2045 260 2125 τῷ
282 2045 441 2130 κεραυνίῳ
463 2045 541 2130 πυρί
563 2048 718 2129 τέμνουσι
739 2038 800 2123 τὴν
820 2040 903 2123 ὕλην
925 2044 981 2108 καί
993 2043 1186 2130 χωρίζουσιν
1208 2041 1268 2108 ἀπ’

211 2151 312 2233 αὐτῆς
345 2149 387 2217 sd
416 2147 504 2218 ἀνία
531 2157 592 2238 μὲν
620 2149 705 2221 καεά
734 2149 795 2234 τὴν
829 2150 962 2231 οὐσίαν,
994 2150 1201 2239 κρατούμενα
1230 2153 1265 2218 dl

136 2286 137 2289 ’
211 2261 269 2329 ἀπ’
288 2261 390 2344 αὐτῆς
411 2268 467 2330 καί
489 2265 704 2350 πεπεδημένα,
727 2263 852 2343 ἀπαθῆ
874 2286 908 2329 τε
932 2263 966 2342 ἐξ
981 2265 1147 2348 ἑμπαθιῦν
1161 2261 1265 2350 ἀπερ-

158 2386 193 2437 18
210 2370 381 2459 γάζονται,
411 2371 498 2440 οὕτω
525 2378 581 2439 καὶ
608 2370 646 2438 τὰ
675 2371 879 2458 μιμούμενον
906 2371 986 2457 παρ’
1004 2371 1083 2458 ἡμῖν
1111 2375 1176 2458 πῦρ
1204 2374 1265 2438 τοῦ

210 2488 310 2553 θείου
331 2481 435 2574 πυρὰς
457 2484 518 2566 τήν
540 2487 706 2574 ὲνίργειαν
728 2481 857 2570 ἀναιρεῖ
879 2478 917 2550 τὸ
932 2478 1047 2550 ὑλικὸν
1060 2487 1129 2549 πᾶν
1143 2489 1179 2548 ἐν
1193 2491 1266 2560 ταῖς

282 2725 307 2776 2.
334 2729 456 2792 φωτινοῖς
474 2721 508 2772 D.
607 2720 667 2774 tt
695 2720 866 2788 θυηποταοῦ
886 2719 940 2774 Ac,
1036 2723 1059 2772 7.
1088 2716 1213 2793 οάράνεια
1231 2720 1264 2773 Ο.

282 2810 307 2860 9.
333 2804 558 2877 γιγνωσκομένων]
578 2805 614 2858 aie
633 2806 690 2872 AD,
716 2811 912 2876 γινωσκομένων
930 2807 964 2858 0.
1049 2809 1091 2862 Π.
1119 2804 1264 2876 ἐμπαθῦν]

281 2893 316 2946 sic
335 2897 368 2958 A,
393 2887 509 2944 ἀπαθῶν
527 2891 560 2945 0.

212 3158 279 3214 duat
297 3178 312 3212 a
329 3156 500 3233 passionibus
519 3153 634 3222 alienos3
653 3166 681 3212 et
698 3175 870 3233 quaecuuque
888 3159 915 3211 in
934 3157 1013 3212 uobis
1029 3165 1092 3212 suut
1104 3154 1157 3210 diis
1169 3153 1267 3210 similia

212 3243 289 3309 liunt,
308 3241 530 3317 quemadmodum
548 3244 616 3317 iguis
635 3240 701 3298 dura
719 3251 747 3297 et
765 3240 852 3298 solida
870 3243 1029 3318 emporibus
1046 3239 1144 3297 lucidis
1163 3250 1190 3295 et
1205 3239 1268 3296 sub-

212 3327 306 3385 tilibus
325 3326 464 3396 assimilat,
488 3347 539 3384 uos
557 3329 635 3383 ctiam
654 3327 761 3384 extollit
776 3346 826 3405 pec
843 3327 975 3383 sacrilicia
993 3336 1021 3382 et
1038 3329 1127 3403 iguem
1147 3328 1267 3382 victima·

212 3416 281 3471 rium
299 3414 334 3469 ad
357 3414 470 3470 deorum
487 3415 576 3488 iguem
598 3413 693 3469 eodem
715 3411 795 3470 modo
818 3432 871 3489 quo
894 3415 963 3490 iguis
988 3411 1094 3471 extollit
1115 3410 1149 3466 ad
1170 3411 1267 3486 ignaua

212 3499 370 3574 reducitque
387 3500 477 3574 gravia
495 3501 584 3555 omnia
601 3507 629 3554 et
646 3498 712 3555 dura
731 3499 765 3556 ad
783 3500 888 3566 divinas
906 3519 1000 3555 causas
1017 3509 1045 3554 et
1063 3495 1202 3554 caelestes.

284 3582 324 3639 Ut
345 3603 399 3638 uno
422 3584 505 3639 verbo
527 3582 626 3652 dicam,
654 3583 806 3642 vehiculum
828 3583 970 3662 corporale
992 3584 1066 3661 quod
1093 3580 1267 3639 daemonibus
1286 3580 1324 3640 lt

214 3669 399 3727 subministrat
422 3688 509 3743 neque
532 3689 565 3724 ex
587 3673 696 3726 materia
718 3693 769 3728 nec
791 3692 824 3727 ex
846 3669 986 3726 elementis
1009 3689 1096 3746 neque
1117 3689 1152 3725 ex
1176 3667 1266 3744 aliquo

214 3774 330 3832 corpore
348 3753 426 3808 uobis
444 3764 509 3809 uoto
528 3763 639 3811 constat.
686 3776 754 3832 quae
772 3758 853 3832 igitur
870 3755 904 3811 ab
923 3754 974 3812 alia
993 3757 1109 3811 essentia
1131 3756 1166 3812 ad
1188 3753 1267 3812 abam

214 3851 383 3920 potestesse
400 3841 488 3896 victus
507 3843 728 3898 communicatio?
776 3861 844 3917 quae
866 3850 956 3898 mutua
979 3843 1049 3899 iuter
1069 3839 1267 3899 diversissimas

215 3937 323 3983 naturas
341 3925 453 4003 gaudia?
480 3935 553 3982 certe
570 3923 657 3992 uulla3
674 3926 724 3982 scd
741 3926 827 3981 multo
845 3927 928 4003 magis
946 3938 976 3983 ut
994 3929 1032 3985 dii
1050 3930 1111 4005 igue
1126 3925 1202 3985 velut
1218 3924 1267 3982 tul-

215 4017 304 4070 miueo
322 4014 459 4069 materiam
476 4011 638 4068 abscindunt
648 4011 682 4066 ab
693 4030 778 4087 eaque
789 4022 913 4089 separant
924 4033 968 4070 res
979 4013 1166 4072 immateriales
1178 4010 1267 4088 quoad

217 4101 370 4167 essentiam,
389 4099 534 4155 obstrictas
551 4117 617 4154 vcro
637 4099 662 4153 ci
679 4107 707 4153 ct
724 4095 846 4174 illigatas,
871 4097 1043 4178 efficiuntque
1060 4122 1093 4157 ex
1110 4096 1267 4176 petibilibus
1318 4121 1324 4127 ·

216 4183 385 4264 impatibilia,
403 4187 438 4241 ita
458 4204 564 4262 quoquc
581 4194 675 4242 noster
691 4185 760 4260 ignis
777 4183 862 4246 divini
879 4185 1025 4264 agilitatem
1041 4182 1169 4243 imitando
1188 4202 1269 4260 omne
