2776 4876
203 360 258 426 &5
1209 356 1258 409 lli

203 510 503 591 ἀπαλλάττονται,
532 505 653 603 ἀφ’ἦς
681 516 890 578 έπιπνέονται
918 515 974 577 καὶ
997 511 1058 601 ἀφ’
1080 505 1120 594 ἧς
1147 515 1261 591 τελέως

204 631 405 712 κατέχονται.

171 749 185 801 3
289 734 381 802 Ἔστι
404 732 445 816 δὴ
469 727 528 802 οὖν
549 731 658 801 πολλὰ
680 736 739 815 τῆς
761 736 861 812 θείας
889 737 1080 820 κατακωχῆς
1108 734 1176 814 ελὸη
1205 738 1260 802 καὶ
1279 745 1299 802 5

205 850 379 936 πολλαχῶς
393 845 420 970 εχ
433 850 513 912 θελοι
529 848 682 912 ἐπίπνοια
699 843 910 924 ἀνακινεῑτοιι,
927 843 1014 913 ὅθεν
1030 843 1071 927 δὴ
1087 850 1142 913 καὶ
1154 844 1263 912 πολλὰ

206 957 248 1027 τιλ
271 972 394 1045 σημεῖα
418 958 520 1039 αὐτῆς
536 961 603 1023 ἐστὶ
620 959 831 1045 διαφέροντα.
869 959 967 1023 τοῦτο
982 962 1043 1040 μὲν
1056 954 1120 1043 γολρ
1137 963 1167 1023 οἱ
1183 961 1262 1024 θεοὶ

172 1089 189 1140 t
209 1075 432 1162 διαφέροντες,
453 1068 515 1160 ἀφ’
535 1061 581 1134 ὧν
596 1064 831 1151 ἐπιπνεόμεθα,
853 1071 910 1134 καὶ
924 1063 985 1150 τὴν
1000 1073 1174 1136 ἐπίπνοιαν
1189 1095 1262 1138 ποι·

207 1185 301 1250 οὖσιν
315 1185 438 1270 ἑτέραν,
461 1182 637 1247 τοῦτοκαὶ
654 1177 671 1244 ὁ
688 1174 810 1261 τρόπος
825 1181 891 1244 τῶν
905 1182 1162 1266 ένθουσιασμῶν
1176 1205 1262 1268 παρ·

207 1290 378 1360 αλλοίττων
412 1302 500 1359 ποιεῖ
528 1295 585 1358 κοιλ
614 1285 674 1370 τὴν
703 1293 896 1378 θεοφορέαν
922 1295 1047 1378 ἑτέραν.
1098 1287 1120 1374 ἢ
1149 1289 1214 1379 γὰρ
1243 1293 1262 1360 ὁ

173 1399 291 1483 έθεὸς
317 1403 407 1489 ἡμᾶς
435 1406 510 1489 ἔχει,
539 1395 562 1481 ἢ
588 1400 683 1484 ἡμεῖς
706 1397 779 1466 ὅλοι
807 1405 866 1467 τοῦ
894 1404 981 1470 θεοῦ
1009 1401 1211 1490 γιγνόμεθα,
1240 1403 1264 1485 ἢ

208 1511 322 1594 κοινὴν
343 1510 535 1600 ποιούμεθα
557 1505 640 1599 πρὸς
668 1505 771 1579 αὐτὸν
800 1505 861 1590 τὴν
889 1517 1070 1602 ἐνέργειαν·
1102 1519 1159 1582 καὶ
1185 1522 1263 1584 ποτε

209 1629 269 1710 μέν
283 1630 343 1706 τῆς
356 1621 496 1711 ἐσχάτης
511 1620 678 1708 δυνάμεως
691 1623 752 1689 τοῦ
767 1625 853 1689 θεοῦ
873 1629 1057 1711 μετέχομεν,
1078 1631 1157 1694 ποτέ
1174 1627 1204 1694 δ’
1220 1621 1263 1696 αὗ

157 1754 191 1807 12
209 1740 270 1817 τῆς
290 1750 401 1822 μέσης,
424 1739 527 1802 trinas
550 1738 585 1801 δέ
607 1736 666 1812 τῆς
687 1730 832 1819 πρώτης·
854 1737 910 1801 καὶ
932 1740 1011 1803 ποτέ
1032 1741 1092 1824 μέν
1106 1745 1264 1824 μετουσία

210 1840 296 1939 ψιλὴ
320 1852 452 1932 γίνεται,
474 1849 554 1913 ποτὲ
577 1848 611 1912 dd
633 1847 690 1910 καὶ
711 1850 874 1925 κοινωνία,
896 1851 999 1914 ένέοτε
1022 1850 1057 1914 di
1078 1855 1133 1918 καλ
1152 1859 1265 1931 ένωσις

211 1956 336 2025 τούτων
357 1958 423 2024 τῶν
446 1953 709 2024 ένθουσιοέσιων·
737 1950 760 2035 ἢ
781 1953 867 2040 μόνη
889 1957 912 2037 η
935 1953 1025 2046 ψυχὴ
1047 1960 1214 2043 ἀπολαύει,
1241 1961 1265 2044 ἢ

158 2073 257 2154 15τῷ
280 2064 408 2155 σώματι
429 2074 626 2154 συμμετέχει,
649 2061 670 2145 ἢ
692 2071 748 2134 καλ
769 2062 809 2134 τὸ
831 2066 944 2136 κοινὸν
966 2072 1058 2151 ζῶον.

296 2179 352 2247 Ἐκ
375 2175 415 2260 δὴ
438 2177 562 2247 τούτων
584 2173 704 2244 καὶτὰ
728 2189 848 2263 σημεῖα
870 2183 936 2247 τῶν
958 2188 1197 2268 έπιπνεομένιιν
1219 2189 1266 2269 γέ·

211 2314 327 2360 νονται
355 2294 524 2371 πολυειδῆ,
557 2286 699 2369 ποήσεις
726 2313 761 2355 τε
790 2293 849 2356 τοῦ
877 2289 1029 2376 σώματος
1056 2298 1112 2361 καλ
1140 2300 1266 2382 μορίοιν

284 2487 308 2538 3.
335 2487 389 2553 ελδη
407 2503 456 2536 om.
476 2482 556 2535 BCD.
634 2485 656 2534 5.
684 2497 740 2551 post
758 2487 814 2535 tort
835 2483 904 2535 Act)
925 2486 1018 2537 addunt
1037 2490 1088 2539 καὶ.
1169 2491 1192 2540 7.
1221 2492 1266 2541 κοιλ

282 2585 339 2641 post
355 2566 436 2623 τοῦτο
455 2588 507 2623 nm.
526 2571 557 2620 A.
647 2566 691 2622 13.
718 2569 787 2638 ψηλιλ
805 2569 837 2622 Β.
859 2563 872 2638 ΙΙ
893 2573 998 2624 aorosia
1016 2572 1048 2623 D.
1141 2575 1181 2626 14.
1210 2588 1266 2643 post

283 2654 384 2711 τούτων
405 2654 450 2708 AC
468 2656 563 2706 addunt
581 2651 616 2706 di.
637 2648 650 2722 ΙΙ
670 2649 800 2722 ἇπολιλβει
818 2654 848 2707 Β.
949 2657 1046 2711 14.15.
1073 2655 1160 2729 einp]
1181 2659 1216 2711 sic
1236 2663 1266 2721 Α,

282 2739 362 2812 ainai
379 2738 415 2812 τρλ
436 2742 469 2795 0.
604 2744 646 2793 15.
674 2745 829 2812 συμμετέχει
847 2738 864 2808 ἢ
882 2744 927 2795 καὶ
944 2743 976 2795 τὸ
995 2744 1055 2809 (τὸν
1073 2740 1112 2812 D)
1130 2746 1164 2798 sic
1184 2746 1265 2810 dcl),

283 2831 392 2896 περιέχει
409 2823 426 2896 ἢ
443 2827 475 2881 τὸ
494 2828 527 2880 0.
600 2828 643 2880 17.
668 2830 768 2896 κένησές
784 2847 814 2881 τε
835 2824 914 2881 dcl).
1184 2836 1187 2842 '

212 3021 294 3075 vitam
311 3017 428 3074 hominis
446 3036 533 3094 neque
550 3018 672 3075 animalis
689 3021 792 3086 vivunt,
816 3018 866 3074 sed
884 3018 962 3076 aliam
980 3019 1058 3099 longe
1075 3023 1233 3081 diviniorem
1252 3047 1266 3081 a

214 3123 265 3182 qna
283 3105 448 3181 inspirantur
464 3113 492 3159 et
509 3104 690 3182 possidentur.

283 3188 354 3245 Sunt
370 3199 458 3246 autem
475 3190 564 3247 variae
582 3190 688 3247 divinem
706 3190 873 3246 obsessionis
892 3194 1010 3270 speeies,
1034 3202 1062 3249 et
1079 3195 1161 3250 variis
1179 3195 1266 3252 modis
1285 3197 1304 3255 5

215 3275 305 3331 divina
324 3277 465 3353 inspiratio
480 3273 607 3346 efficitur,
625 3276 696 3332 unde
715 3277 772 3332 eius
790 3274 864 3352 sigua
882 3296 990 3354 quoque
1008 3276 1114 3335 diversa
1133 3298 1194 3337 esse
1206 3299 1267 3337 oon·

213 3360 298 3438 tingit
345 3361 390 3418 rel
407 3365 479 3418 enim
496 3363 535 3419 dii
554 3365 600 3439 qui
618 3380 668 3418 nos
686 3364 819 3440 inspirant
836 3362 971 3432 differant,
990 3374 1017 3420 et
1035 3364 1196 3421 afflationem
1213 3365 1267 3423 effi·

214 3449 287 3503 ciunt
309 3446 456 3515 diversam,
479 3446 524 3504 rel
545 3449 641 3505 modus
664 3447 814 3526 inspirandi
836 3447 904 3505 alius
927 3460 969 3506 est
991 3461 1070 3527 atque
1093 3451 1173 3518 alius,
1197 3450 1268 3508 unda

215 3535 295 3588 etiam
315 3542 407 3609 raptus
425 3532 531 3589 divinus
550 3534 647 3591 differt
682 3543 741 3590 ,aut
758 3534 830 3591 euim
847 3534 913 3591 deus
931 3538 991 3613 ipse
1008 3554 1059 3593 nos
1076 3549 1199 3615 occupat,
1224 3548 1269 3594 aut

213 3637 264 3673 nos
281 3619 306 3673 oi
324 3627 397 3673 totos
415 3617 578 3688 addicimus,
601 3629 647 3675 aut
663 3638 716 3676 nna
734 3636 795 3676 eum
812 3618 873 3697 ipso
892 3620 1039 3698 eodemque
1060 3632 1155 3681 tenore
1177 3644 1269 3702 opera·

213 3719 280 3759 mur.
326 3703 390 3757 item
408 3701 550 3778 aliqnando
569 3714 614 3760 aut
632 3705 737 3761 infimae
759 3705 868 3761 divinae
889 3709 1027 3782 potentiae
1049 3722 1187 3788 compotes
1210 3731 1269 3768 eva·

214 3789 311 3855 dimus,
331 3797 377 3844 ant
393 3787 497 3844 medias
515 3795 561 3846 aut
577 3789 705 3847 ultimas·
741 3793 806 3846 item
824 3789 967 3866 aliqnando
984 3801 1027 3849 est
1044 3794 1113 3850 nuda
1133 3796 1176 3852 dei
1194 3817 1269 3874 prae-

214 3878 308 3943 sentia,
332 3873 477 3951 aliqnando
493 3877 575 3931 etiam
592 3879 752 3945 communio,
775 3892 967 3951 nonnunquam
989 3888 1016 3935 et
1036 3881 1101 3936 unio
1122 3881 1154 3937 fia
1176 3881 1269 3937 irarum

215 3959 387 4017 afflationum.
435 3976 543 4016 rursum
559 3961 745 4038 respirationis
764 3960 808 4018 vel
826 3963 911 4017 anima
929 3963 986 4019 sola
1004 3965 1036 4021 iit
1053 3969 1201 4044 particeps,
1226 3965 1269 4022 vel

214 4046 294 4102 simul
312 4065 373 4103 oum
391 4064 506 4125 corpore
523 4046 628 4114 fruitur,
646 4042 691 4102 vel
708 4056 795 4103 totum
812 4047 915 4105 animal.

283 4132 438 4189 Secundum
456 4131 551 4189 horurn
569 4130 740 4190 diversitates
758 4133 863 4190 diversa
881 4151 989 4212 quoqne
1000 4137 1068 4193 fiunt
1079 4138 1269 4213 inspiratorum

215 4218 300 4293 sigua:
324 4217 370 4274 alii
388 4220 489 4296 quippe
507 4229 565 4275 toto
589 4238 702 4298 corpore
719 4221 862 4296 agitantur,
886 4221 931 4277 ulii
954 4222 1111 4298 quibusdam
1131 4220 1266 4289 membris,
1331 4273 1334 4277 .
