2776 4876
204 356 256 409 122
270 378 293 402 ο
1185 359 1257 423 3,10

206 534 307 596 ναμιν
328 510 358 575 δ’
377 513 440 596 ἔχει
460 513 517 576 καὶ
539 503 636 587 οὗτος
659 509 677 576 ὁ
700 506 947 595 ἐνθουσιασμός
969 509 1135 595 ζωογόνον
1149 535 1184 578 τε
1199 518 1256 579 καί

204 618 536 709 ἀποπληρωματικήν,
565 616 658 687 καθό
682 617 723 701 δὴ
744 624 801 686 καὶ
823 618 1047 710 διαφερόντως
1069 623 1127 701 τῆς
1153 618 1257 704 ἄλλης

203 735 327 817 μανίας
347 729 457 813 πόσης
480 729 675 820 διενήνοχεν.
1275 750 1289 800 3

295 840 387 909 Οὕτω
410 840 452 923 δὴ
474 836 534 910 οὖν
555 840 640 909 καθ’
659 836 739 908 ὁδόν
762 838 866 919 ἰόντες
893 839 955 922 τὴν
983 841 1060 922 ἑξῆς
1080 845 1142 909 τοῦ
1167 868 1255 930 παρ-

203 951 300 1031 όντος
329 951 430 1039 λόγου
451 957 506 1020 καί
534 951 595 1030 τοίς
623 957 688 1019 τῶν
711 954 865 1042 Νυμφῶν
893 949 915 1032 ἢ
939 947 1057 1030 Πανός
1085 960 1257 1033 ἐπιπνοίας

201 1068 258 1131 καὶ
279 1061 339 1142 τὰς
360 1060 464 1142 ἄλλος
488 1063 597 1132 αὐτῶν
620 1059 785 1153 διαφορὰς
805 1060 891 1129 κατὰ
913 1058 973 1141 τοίς
994 1066 1059 1130 τῶν
1082 1068 1173 1132 θεῶν
1199 1069 1289 1146 dre-e

202 1173 316 1261 eripete
331 1179 454 1253 οἰκείως
468 1177 697 1262 διακρίνοντες,
721 1172 943 1259 διαστήσομεν
957 1171 1117 1252 κατδτδς
1128 1200 1256 1264 προση-

202 1283 328 1364 ιιοόσας
348 1285 459 1353 αὐτῶν
481 1283 647 1366 ἰδιότητας
669 1282 905 1370 ἐξηγησόμεθα
927 1309 961 1352 τε
977 1281 1037 1364 διαί,
1046 1292 1080 1352 τί
1094 1290 1256 1368 διιπηδῶσι

201 1400 259 1464 καὶ
281 1403 318 1464 ὲν
339 1393 430 1486 όρεσι
453 1398 659 1485 διατρίβουσι
680 1400 735 1463 καί
759 1391 813 1462 δια
836 1399 868 1462 τί
889 1398 1051 1482 δεδομένοι
1076 1402 1256 1488 φαίνονταί
1274 1415 1289 1465 9

202 1532 285 1586 τινες
298 1513 356 1575 καί
371 1504 426 1575 διδ
440 1511 472 1574 τί
487 1503 541 1575 διὰ
556 1509 687 1574 θυσιῶν
702 1505 962 1594 θεραπεύονται·
975 1506 1089 1591 πάντα
1103 1514 1255 1575 τοιαῦτα

201 1631 271 1696 τοῖς
293 1623 402 1696 θείοις
424 1623 541 1695 αἰτίοις
564 1615 781 1703 ἀποδώσομεν
802 1618 845 1696 ὡς
868 1622 996 1704 ἔχουσιν
1018 1625 1054 1685 ἐν
1073 1625 1203 1698 ἑαυτοῖς
1216 1616 1255 1686 τό

201 1733 272 1796 πᾶν
294 1733 407 1816 κῦρος·
431 1728 504 1795 ἀλλ’
525 1724 598 1795 οὔτε
622 1727 792 1814 σωματικό
815 1753 889 1796 τινα
913 1725 1307 1818 mammemque-12

202 1837 339 1926 τόματα
371 1837 661 1927 συναθροιζόμενα
694 1842 831 1907 δεῖσθαι
862 1845 923 1907 τοῦ
951 1839 1255 1929 ἀποκαθαίρεσθαι

201 1954 346 2040 ἐροῦμεν,
369 1946 443 2020 οὔτε
466 1951 559 2039 ὡρῶν
580 1948 751 2040 περιόδους
773 1956 882 2029 αἰτίας
905 1950 1075 2032 εἶναιτῶν
1097 1949 1254 2019 τοιούτων

200 2059 424 2149 παθημάτων,
446 2059 520 2129 οὔτε
543 2058 603 2144 τὴν
626 2067 684 2128 τοῦ
707 2062 824 2147 ὁμοίου
837 2060 1029 2149 καταδοχήν
1048 2067 1105 2130 καὶ
1117 2061 1181 2145 τὴν
1195 2065 1255 2130 τοῦ
1272 2080 1305 2130 15

202 2178 354 2241 ἐναντίου
386 2172 564 2265 ἀφαίρεσιν
592 2177 739 2262 ἰατρείαν
768 2170 842 2240 τινὰ
870 2177 990 2264 φέρειν,
1014 2180 1081 2255 τῆς,
1100 2173 1254 2257 τοιαύτης

200 2283 386 2376 ὑπερβολῆς
408 2283 575 2374 φήσομεν·
604 2283 647 2349 τοὶ
668 2282 732 2373 γὰρ
754 2287 892 2350 τοιαῦτα
914 2283 1026 2351 πάντα
1049 2286 1254 2370 σωματοειδῆ

271 2519 295 2568 4.
322 2515 385 2585 τὴν]
405 2517 436 2569 τό
457 2517 489 2569 0.
563 2519 587 2568 5.
615 2514 676 2582 τοὶς]
696 2515 821 2580 sistet),
839 2518 936 2571 om.0.
1008 2520 1033 2590 8.
1061 2518 1106 2570 διοὶ
1119 2515 1157 2583 τί]
1176 2515 1211 2568 sic
1224 2515 1252 2578 C,

272 2601 362 2655 διότι
380 2606 411 2664 Α,
431 2596 501 2654 διὀἳ
520 2600 552 2652 0.
608 2601 633 2655 9.
657 2599 794 2671 διδόμενοι
810 2601 841 2665 Β,
861 2605 996 2672 δεδομένοι
1014 2602 1043 2666 C,
1062 2605 1195 2673 δεδομένοι
1213 2601 1253 2665 (ἱα

271 2705 346 2752 nrarg.
366 2707 379 2738 ε
397 2706 444 2739 see.
464 2704 602 2740 τοιουτου
622 2685 781 2756 δεδεμένοιέ)
799 2688 832 2739 Ι).
931 2690 973 2741 11.
1001 2686 1104 2755 θείοις]
1124 2695 1201 2748 θεοῖς
1219 2688 1251 2740 D.

271 2776 313 2825 1³.
340 2773 555 2844 συναθριζόμενα
574 2773 605 2823 D.
679 2774 720 2824 14.
751 2771 818 2846 δρῶν
837 2774 866 2825 Β.
940 2776 980 2828 16.
1010 2772 1106 2846 φέρειν]
1125 2773 1252 2835 ιίεΑΟΙ),

271 2853 395 2928 ἀφαιρεῖν
413 2858 445 2910 0.

201 3098 289 3146 eutem
308 3088 413 3145 afflatus
431 3087 478 3145 ille
495 3091 549 3146 vim
567 3091 601 3147 od
613 3094 695 3148 vitem
706 3094 957 3169 generationemque
967 3091 1165 3168 perficiendam,
1183 3090 1254 3146 unde

202 3185 230 3231 et
247 3175 404 3252 longissime
421 3174 454 3231 eb
473 3179 545 3232 omni
564 3175 616 3233 ulio
635 3177 731 3234 furoris
750 3199 846 3255 genere
864 3178 961 3234 differt
1008 3218 1010 3223 -

271 3262 361 3337 Atque
378 3262 430 3318 hoe
448 3263 528 3319 modo
548 3263 620 3340 quod
639 3263 770 3340 reliquum
789 3275 831 3321 est
849 3266 928 3321 huius
940 3263 1072 3332 sermonis
1086 3260 1183 3317 ordine
1194 3280 1253 3337 per·

200 3356 330 3417 texentes,
349 3350 429 3406 etiem
446 3349 630 3427 Nympharum
647 3361 675 3407 et
693 3350 773 3406 Panis
793 3349 942 3406 affictiones
961 3358 988 3404 ct
1006 3347 1071 3404 elius
1083 3345 1192 3403 illorum
1204 3347 1254 3403 dii·

199 3431 324 3491 iereutius
342 3445 399 3490 tum
416 3437 489 3513 ipses
508 3436 619 3493 deorum
638 3440 707 3492 vires
726 3436 853 3494 distincte
870 3434 1016 3514 prodemus
1033 3435 1106 3490 iuxta
1127 3436 1253 3510 proprias

200 3539 293 3575 eorum
311 3523 500 3598 proprietates,
518 3532 655 3601 praeterea
674 3521 866 3600 explicabimus
885 3541 964 3597 quam
976 3521 1010 3576 ob
1023 3538 1129 3575 eausam
1139 3522 1168 3574 in
1179 3539 1254 3576 mon·

199 3605 271 3661 tibus
289 3618 426 3683 vagantur,
446 3618 473 3664 et
491 3629 573 3684 quare
591 3629 624 3664 ex
642 3611 676 3664 iis
696 3607 802 3685 quidam
819 3611 904 3665 vincti
923 3615 1061 3684 apparent,
1079 3616 1108 3662 et
1120 3625 1202 3681 quare
1213 3626 1253 3661 sa-

200 3692 253 3746 eris
272 3690 349 3748 iactis
368 3703 506 3762 curentur3
525 3704 553 3751 et
569 3693 635 3750 haee
654 3697 742 3750 omnia
755 3695 854 3752 divinis
867 3696 954 3752 censis
965 3693 1167 3768 assignabimus,
1187 3712 1253 3766 quoe

201 3776 312 3854 quidem
326 3781 355 3834 in
373 3799 403 3835 se
421 3799 526 3836 omnem
543 3779 638 3838 harum
661 3800 749 3838 rerum
771 3781 877 3859 pondus
901 3789 928 3835 et
950 3781 1083 3835 rationem
1107 3780 1252 3834 continent.

200 3863 249 3919 sod
267 3884 317 3919 nec
335 3884 502 3922 recurremus
521 3886 553 3924 eo
576 3877 606 3923 ut
629 3867 762 3936 dicemus,
786 3870 908 3945 corporis
931 3865 1062 3942 quosdam
1084 3872 1129 3919 aut
1152 3865 1254 3918 animae

200 3969 326 4006 excessus
345 3952 508 4009 confluxisse
525 3963 553 4009 st
570 3957 755 4032 purgationem
773 3953 919 4019 indicasse3
938 3953 987 4010 sed
1005 3973 1056 4009 nec
1068 3960 1155 4006 certus
1167 3951 1253 4027 perio·

200 4035 250 4091 dus
268 4035 439 4092 affectionum
456 4037 549 4094 talium
567 4060 661 4096 censes
680 4060 748 4108 esse,
767 4060 822 4097 neo.
836 4039 932 4096 similis
950 4040 1134 4116 receptionem
1152 4045 1180 4092 et
1192 4055 1253 4091 eon·

199 4123 275 4177 trarii
293 4120 476 4178 emolitionem
498 4124 582 4180 ullum
599 4124 819 4183 medicamentum
843 4126 938 4182 efferre
959 4125 1079 4182 dicemus
1102 4123 1253 4180 huiusmodi

201 4210 330 4264 excessui.
376 4207 442 4265 haec
459 4211 561 4288 quippe
578 4213 666 4268 omnia
684 4231 758 4268 mere
774 4231 904 4290 corporea
921 4222 993 4281 suut,
1013 4221 1041 4268 et
1058 4233 1073 4268 a
1091 4213 1146 4270 vita
1164 4210 1254 4270 diviua
