2776 4876
142 359 195 422 Η
1160 359 1194 412 73

142 517 203 599 ptr
224 509 394 604 φερόμενα
413 508 457 581 τά,
478 515 584 594 ἔναλα,
606 509 650 579 τά
670 511 700 578 δ’
715 507 893 597 ἡγεμονικά
908 516 1054 599 μονίμως
1068 517 1194 581 ἑστῶτα

143 631 180 691 tv
200 623 328 703 αὐτοῖς,
355 618 399 689 τά
426 625 461 691 δὲ
489 627 555 691 τῶν
581 620 696 714 ἡρώων
722 623 900 711 ύπειγμίνα
922 627 961 717 τῇ
987 621 1111 706 κινήσει
1138 629 1194 693 καὶ

107 737 331 823 εμεταβοάῆς
351 733 417 803 eta
442 731 583 824 ἀμοιρα,
611 730 654 801 roi
683 737 718 803 δὲ
742 739 808 803 τῶν
834 739 950 826 ψυχῶν
976 734 1194 822 προσεοικότα

143 849 263 931 μέντοι·
276 857 347 924 τοῖς
360 845 521 936 ἡρωικοῖς,
542 843 703 916 ἐλάττονα
718 849 752 914 δὲ
767 843 856 931 ὅμως
871 841 955 916 όντοι
968 850 1025 915 καὶ
1038 845 1172 916 τούτων.

233 952 329 1043 Πρὸς
350 954 393 1039 δύ
417 955 545 1037 τούτοις
565 969 636 1036 τοῖς
657 955 810 1044 ίδιύμασι
831 952 874 1023 τά
895 962 956 1045 μὲν
977 962 1059 1026 θεῖα
1074 957 1195 1037 κάλλος

108 1063 219 1142 solor
240 1065 415 1156 ἀμήχανον
436 1066 675 1158 ἀπαστράπτει,
704 1067 859 1156 θαύματι
879 1074 939 1154 μὲν
959 1076 1098 1156 κατέχον
1119 1068 1195 1150 τούς

145 1179 301 1267 δρῶντας,
321 1183 508 1248 θεοποιίαν
529 1183 565 1249 δὲ
586 1179 793 1274 εὐφροσύνην
806 1179 1040 1271 παρεχόμενον,
1063 1178 1195 1268 ἀρρήτῳ

146 1294 182 1366 δὲ
201 1294 242 1380 τῇ
263 1295 448 1381 συμμετρίᾳ
470 1289 749 1384 ἀναφαινόμενον,
769 1291 967 1386 ἐξῃρημένον
989 1296 1024 1360 δὲ
1046 1292 1114 1360 ἀπὸ
1130 1298 1195 1363 τῶν

111 1423 128 1473 a
146 1399 255 1471 ἀλλων
278 1403 371 1470 είδῶν
391 1407 451 1484 τῆς
472 1402 670 1490 εὐπρεπείας.
714 1399 757 1471 τά
772 1406 807 1471 δὲ
820 1406 887 1471 τῶν
905 1401 1117 1490 ἀρχαγμίλων
1130 1433 1195 1492 μα-

145 1511 245 1602 κύρια
267 1511 428 1600 θεάματα
448 1521 603 1601 μέγιστον
630 1520 690 1602 μὲν
712 1519 776 1602 ίχει
802 1518 859 1582 καὶ
886 1512 974 1582 atre
1000 1512 1038 1583 τδ
1066 1517 1195 1596 κάλλος,

150 1623 191 1691 ού
213 1620 281 1710 μὴν
297 1628 351 1693 ότι
372 1650 408 1711 με
430 1625 554 1711 ὁμοίως
567 1622 713 1715 ἄρρητον
726 1631 784 1694 καὶ
797 1623 1007 1712 θαυμαστόν,
1029 1625 1136 1716 ὥσπερ
1156 1625 1196 1697 τό

94 1750 129 1805 12
147 1741 260 1804 θεῖον·
284 1734 327 1804 τά
350 1739 386 1806 δὲ
408 1741 473 1805 τῶν
487 1736 634 1823 ἀγγέλων
648 1741 808 1827 μεριστῶς
821 1733 885 1820 ἤδη
900 1739 1018 1825 διαιρεῖ
1032 1735 1071 1805 τύ
1086 1737 1196 1820 καλόν,

148 1844 228 1932 ὅπερ
251 1845 318 1916 ἀπδ
340 1851 407 1916 τῶν
428 1847 639 1935 ἀρχαγγίλων
660 1852 888 1938 παραδέχεται
933 1843 975 1915 τά
990 1849 1147 1936 δαιμόνια
1161 1855 1197 1920 δὲ

148 1963 204 2027 καί
224 1954 268 2027 aci
290 1955 415 2049 ἡρωικά
436 1955 617 2027 αύτοπτικά
638 1957 809 2046 πνεύματα
823 1967 858 2027 ὲν
873 1959 971 2028 είδεσι
984 1965 1045 2048 μὲν
1060 1962 1197 2050 ὡρισμί-

96 2091 130 2142 so
148 2093 218 2148 νοις
239 2073 303 2157 ίχει
323 2068 362 2137 τά
383 2069 504 2150 κάλλος
524 2068 715 2162 ἀμφότερα,
744 2070 784 2139 ού
806 2070 872 2156 μὴν
901 2072 987 2139 ἀλλά
1014 2070 1052 2139 τδ
1080 2080 1140 2158 μὲν
1162 2082 1197 2144 δν

148 2179 259 2266 λύγοις
279 2194 351 2261 τοῖς
371 2179 432 2264 τὴν
454 2182 573 2251 ούσίαν
587 2181 785 2273 ἀφορίζονσι
798 2184 1028 2269 διακοσμηθὲν
1043 2192 1111 2253 ἐστι
1126 2190 1198 2253 δαι·

147 2289 278 2379 μόνιον,
307 2289 346 2360 τό
368 2292 399 2361 δ’
419 2291 678 2380 ἐπιδεικνύμενον
706 2289 767 2373 τὴν
795 2292 934 2381 ἀνδρίαν
961 2293 1110 2383 ἡρωικόν.
1157 2295 1198 2364 coi

96 2421 131 2473 18
149 2405 184 2470 δὲ
206 2408 271 2471 τῶν
292 2403 461 2492 ἀρχόντων
483 2408 555 2497 διχῇ
577 2402 768 2495 διῃρήσθω·
791 2400 907 2489 τὰμὲν
922 2403 986 2493 yolo
1002 2404 1198 2494 ἡγεμονικόν

221 2593 245 2643 i.
270 2589 402 2662 μονύμιις,
420 2590 446 2643 in
466 2610 541 2656 marg.
561 2592 593 2642 ab
611 2589 659 2642 alia
678 2610 765 2644 mann:
785 2591 803 2642 l.
822 2594 939 2661 μονίμως
956 2592 989 2643 D.
1070 2595 1095 2646 2.
1122 2591 1198 2662 ἤπει-

219 2683 301 2748 νμένα
320 2678 378 2730 ΑΙ).
449 2680 473 2731 5.
500 2683 558 2735 τοῖς
574 2676 609 2728 sic
629 2674 708 2740 acl),
726 2698 777 2729 orn.
791 2678 823 2730 Ο.
846 2671 858 2746 ΙΙ
880 2678 916 2730 noi
927 2682 974 2747 μὲν
985 2676 1061 2746 θεῖα]
1074 2679 1109 2731 εἰσ
1119 2681 1199 2745 ACD,

221 2763 253 2816 τὸ
270 2769 316 2834 μὲν
334 2769 411 2818 θεῖον
430 2764 463 2816 Ο.
544 2764 568 2815 6.
595 2757 781 2834 ἀποστράπτει
799 2764 831 2815 D.
853 2757 865 2831 ΙΙ
885 2767 994 2834 μετέχον
1012 2763 1088 2831 (corr.
1107 2788 1145 2838 pr.
1163 2789 1199 2821 m.

221 2845 343 2916 κατέχον)
361 2850 393 2900 D.
467 2851 509 2900 17.
536 2844 659 2920 ἀνδρείαν
679 2850 735 2901 ΑΒ.

151 3027 299 3101 stantiaque
317 3027 344 3080 iu
362 3045 392 3080 se
410 3027 477 3102 ipsis
495 3028 605 3082 veniunt
623 3029 651 3082 in
670 3036 854 3103 conspectum3
873 3026 968 3083 heroes
987 3039 1014 3083 et
1025 3032 1109 3085 motui
1124 3031 1200 3088 obse-

151 3121 268 3186 quuntur
292 3120 319 3166 et
341 3114 481 3168 mutationi
504 3113 612 3168 obnoxii
634 3122 709 3178 sunt;
732 3115 833 3168 animae
855 3111 962 3170 heroica
986 3124 1091 3191 spectra
1115 3137 1200 3173 aemn-

151 3195 248 3264 lantur‚
267 3197 315 3252 sed
333 3200 435 3254 minora
453 3209 517 3254 sunt
534 3201 603 3256 istis.

220 3282 276 3338 Sed
292 3295 398 3360 praeter
416 3283 482 3341 haec
500 3306 567 3362 quae
584 3284 699 3341 diximus
717 3285 843 3341 idiomata
861 3286 900 3342 dii
911 3289 991 3342 etiam
1001 3285 1200 3362 pulchritudine

151 3370 352 3447 incomparabili
364 3371 474 3449 fulgent,
492 3371 666 3427 admiratione
678 3381 830 3448 spectantes
843 3371 968 3448 defigunt,
987 3371 1106 3428 divinum
1119 3374 1200 3449 quod·

152 3456 212 3511 dam
229 3456 363 3533 instillant
380 3457 516 3533 gaudium,
539 3467 567 3513 ct
584 3456 745 3513 ineffabilem
763 3461 944 3533 symmetriam
966 3478 1029 3534 prae
1052 3478 1082 3513 se
1104 3459 1200 3528 ferunt,

152 3543 271 3618 adeoque
288 3532 383 3598 eximia'
401 3553 465 3599 sunt
482 3547 620 3600 maiestate
642 3553 673 3599 ut
695 3542 762 3599 nihil
785 3545 822 3598 sit
844 3564 878 3599 ex
901 3546 973 3598 omni
996 3542 1083 3600 isthoc
1106 3567 1200 3622 genere

152 3650 212 3685 cnm
229 3631 263 3684 iis
283 3627 477 3684 conferendum.
525 3628 741 3706 archangelorum
758 3631 816 3686 visa
834 3629 910 3684 beata
928 3628 1027 3685 hahent
1049 3634 1156 3709 quidem
1173 3646 1201 3690 et

152 3715 198 3772 illa
216 3734 337 3789 magnam
354 3713 588 3790 pulchritudinem,
607 3716 656 3772 sed
673 3736 727 3771 non
745 3718 783 3770 ita
800 3713 982 3771 admirabilem
994 3727 1021 3772 et
1032 3719 1199 3789 ineffabilem,

42 3789 45 3795 ¹
152 3811 241 3858 otest
259 3799 305 3855 illa
323 3800 439 3856 deorum.
488 3801 573 3877 augeli
592 3822 656 3858 vero
674 3801 760 3857 adhuc
778 3800 959 3878 imperfectius
976 3802 1200 3880 pulchritudinem

152 3889 322 3966 participant,
348 3907 427 3962 quam
445 3889 536 3963 utique
554 3887 587 3942 ab
606 3886 770 3963 archangelis
792 3897 951 3944 mutuantur.
999 3890 1156 3950 daemonum
1174 3904 1201 3949 et

153 3975 264 4029 heroum
282 3975 393 4051 spiritns
411 3994 460 4052 per
477 3994 506 4030 sc
518 3983 676 4050 apparentes
688 3977 717 4029 iu
728 3976 869 4052 speciebus
881 3980 963 4033 certis
975 3976 1200 4055 pulchritudinem

153 4060 295 4138 possident
312 4064 425 4137 utrique,
444 4061 493 4117 sed
510 4060 651 4116 daemones
670 4063 815 4119 secundum
833 4067 950 4120 rationes
962 4067 1104 4121 essentiam
1116 4065 1200 4120 deter-

155 4150 285 4204 minantes
303 4147 417 4226 pulchri,
435 4147 476 4204 illi
494 4150 541 4224 qui
557 4150 667 4225 insuper
685 4148 866 4207 fortitudinem
878 4162 1012 4207 ostentant
1023 4149 1118 4205 heroes
1130 4162 1199 4207 sunt.

157 4233 314 4291 archontum
333 4238 443 4314 spiritus
467 4234 610 4313 dupliciter
632 4236 716 4293 dividi
734 4250 860 4316 possunt,
885 4238 958 4294 ethi
980 4237 1085 4312 quidem
1103 4239 1201 4315 prinei·
