2776 4876
114 349 186 413 ⁶2²³
1025 402 1028 409 ,
1115 342 1170 398 233

116 498 303 580 τελειότητα
324 501 444 578 ἑαυτῆς
471 499 658 578 ἐπιτηδείαν
686 501 836 577 κε’κτηται
864 494 947 581 πρὸς
969 500 1061 564 θεῶν
1087 496 1170 564 ὑπσ-

114 610 228 700 δοχήν.
273 614 330 678 καὶ
352 606 425 694 άμα
448 608 542 677 οὐδὲν
565 611 697 694 διείργει
718 604 761 674 τά
777 612 949 698 κρείττονα
962 604 1047 695 πρὸς
1061 604 1099 679 τὸ
1114 606 1170 676 δά-

80 739 96 790 3
115 728 248 791 νασθαι
263 719 304 788 τοὶ
321 723 560 806 καταδεέστερα
575 725 699 788 ἑαυτῶν
716 718 900 804 λλλάμπειυ,
923 719 999 786 οὐδὲ
1012 714 1075 800 τὴν
1088 716 1171 800 ὕλην

117 827 177 903 οὖν
200 834 383 926 ἀφίστησιν
405 831 502 899 οὐδὲν
523 836 582 912 τῆς
604 835 670 898 τῶν
691 831 870 917 βελτιόνων
886 832 1071 918 μετουσίας,
1093 828 1190 907 cigna·

117 943 181 1027 ὅση
205 948 311 1012 τίλεια
333 947 390 1010 καὶ
418 940 559 1031 καθαρά
588 946 645 1009 καὶ
673 936 881 1027 άχαθοειδὴς
909 939 1061 1029 ὑπάρχει,
1088 938 1172 1030 πρὸς

81 1077 97 1126 t
116 1061 209 1124 θεῶν
231 1052 399 1140 ὑποδοχήν
420 1061 509 1122 ἐστιν
530 1052 591 1120 οὐκ
613 1051 842 1141 ἀνάρμοστος·
866 1057 935 1120 ἐπεὶ
957 1048 1022 1141 γάρ
1038 1055 1102 1120 ἔδει
1116 1057 1172 1122 καὶ

117 1165 160 1234 τά
189 1174 224 1235 ἐν
252 1169 293 1254 γῇ
321 1166 482 1250 μηδαμῶς
512 1162 595 1232 εἶναι
622 1161 748 1251 ἄμοιρα
776 1167 835 1246 τῆς
863 1168 964 1242 θείας
991 1168 1173 1243 κοινωνίας,

117 1274 249 1358 εδίξατό
273 1302 347 1342 τινα
369 1275 428 1342 ἀπ’
448 1274 551 1356 αὐτῆς
572 1278 675 1342 θείαν
703 1287 827 1360 μοῖραν
848 1282 904 1343 καὶ
927 1275 948 1356 ἡ
971 1278 1023 1361 γῆ,
1053 1277 1172 1358 ἱκανὴν

82 1405 98 1456 9
117 1381 222 1457 οὖσαν
241 1390 393 1476 χωρῆσαι
415 1385 491 1464 τους
513 1385 624 1464 θεούς.

211 1500 325 1564 Ταῦτα
347 1502 459 1566 τοίνυν
481 1499 662 1564 κατιδοῦσα
684 1492 910 1583 ὴθεουρμικὴ
932 1502 1037 1585 τέχνη,
1057 1502 1174 1578 κοινῶς

117 1636 152 1676 τε
177 1610 298 1677 οὑτωσὶ
319 1608 392 1675 κατ’
412 1605 596 1689 οἰκειότητα
624 1605 750 1692 ἑκάστῳ
780 1613 846 1674 τῶν
867 1612 960 1675 θεῶν
988 1605 1049 1688 τάς
1069 1632 1173 1698 προσ,

65 1736 99 1786 1²
122 1719 248 1813 φόρους
261 1717 428 1806 ὑποδοχὰς
443 1718 688 1807 άνευρίσκουσα,
702 1721 876 1802 συμπλίκει
886 1717 1045 1798 πολλάκις
1054 1722 1175 1798 λίθους

117 1830 265 1919 βοτάνας
287 1834 355 1912 ζῶα
377 1827 548 1916 ἀρώματα,
570 1826 656 1897 ἄλλα
678 1853 713 1895 τε
735 1833 872 1897 τοιαῦτα
895 1828 968 1917 ἱερά
990 1835 1046 1898 καὶ
1068 1835 1174 1898 τέλεια

117 1949 175 2012 καὶ
197 1946 343 2022 θεοειδῆ,
363 1937 502 2008 κάπειτα
525 1938 593 2008 άπά
616 1938 750 2008 πάντων
771 1940 896 2009 τούτων
917 1938 1086 2029 ὑποδοχὴν
1102 1942 1175 2010 ὁλο-

67 2066 100 2116 15
119 2059 197 2136 τελῇ
219 2059 275 2122 καὶ
297 2049 459 2138 καθαράν
482 2050 711 2141 ἀπεργάζεται.
818 2098 820 2102 -

214 2166 261 2234 Οὐ
282 2163 349 2251 γάρ
371 2159 411 2243 δη
428 2165 477 2229 δεῖ
491 2164 714 2251 δυσχεραίνειν
727 2168 841 2230 πᾶσαν
854 2161 945 2244 ὕλην,
968 2160 1055 2231 ἀλλά
1068 2165 1176 2251 μόνην

191 2349 216 2399 2.
243 2346 336 2416 διλρχεε
353 2342 386 2394 0.
468 2341 493 2392 4.
523 2336 597 2393 οὐδὲν
615 2340 710 2409 scripsi,
735 2336 795 2393 οὐδὲ
813 2341 846 2394 Ο.
931 2342 992 2396 M.
1021 2340 1087 2396 ὥστε
1107 2343 1174 2415 ὅση]

191 2432 225 2483 sic
243 2430 277 2495 D,
303 2426 365 2482 ὅστε
385 2424 438 2480 ὅσα
456 2427 488 2479 0.
561 2427 585 2478 5.
613 2421 793 2494 άχαθοειδὴς]
812 2425 847 2478 sic
865 2426 946 2491 ΑΕΒ,
969 2423 1122 2497 ἀγαθοειδῆ
1141 2430 1174 2483 0.

190 2519 214 2570 8.
243 2512 305 2581 ἀπ’]
324 2509 367 2567 ἐπ’
391 2517 420 2564 Α.
494 2515 518 2564 9.
546 2503 631 2565 οίσαν
649 2532 701 2563 om.
720 2513 754 2562 D.
827 2515 870 2567 11.
897 2511 941 2578 τε]
961 2517 988 2566 δὲ
1007 2509 1177 2582 &nocturni

191 2624 243 2655 om.
253 2604 286 2654 D.
299 2597 311 2666 ΙΙ
324 2596 446 2666 ἑκάστῳ]
460 2599 494 2649 sic
507 2598 587 2656 ACD,
599 2597 715 2651 ἑκάστου
729 2598 762 2650 Ο.
837 2600 876 2650 11.
889 2601 930 2652 12.
950 2601 1108 2672 προσφορὰς
1120 2602 1175 2655 AC.

193 2691 234 2742 13.
255 2684 323 2739 ἄλλοι
335 2707 364 2738 τε
377 2682 509 2748 τοιαῦτα]
522 2682 557 2734 sic
567 2685 598 2744 Α,
618 2681 688 2736 ἄλλοι
697 2683 814 2737 τοιαῦτα
827 2683 882 2750 CD,
895 2704 945 2737 om.
957 2687 990 2738 0.
1064 2688 1106 2745 14.
1127 2694 1176 2742 θε-

192 2775 247 2842 aroni
265 2772 296 2824 B.
369 2772 412 2824 16.
440 2769 528 2837 δεῐδὴ
548 2773 580 2822 Α.
600 2763 613 2838 ss
635 2771 846 2841 δουσχαιραίνειν
865 2772 900 2823 D.

122 2921 240 2977 divinam
258 2937 319 2974 esse
337 2916 490 2980 afferamus3
515 2935 577 2971 nam
594 2918 654 2993 ipsa
673 2936 779 2992 quoque
798 2921 921 2986 materia,
944 2940 1005 2975 cum
1022 2922 1055 2977 ab
1080 2923 1177 3000 opifice

122 3016 250 3085 patreque
268 3005 386 3060 omnium
405 3000 473 3057 facta
491 3003 541 3068 sit,
563 3004 659 3057 merito
678 3001 870 3079 perfectionem
888 3007 930 3060 sui
949 3006 1081 3081 quandam
1104 3030 1178 3068 acce·

122 3095 197 3171 pisse
220 3089 352 3148 censenda
376 3098 419 3144 est
441 3097 529 3165 aptam
552 3086 586 3142 ud
609 3085 675 3143 deos
699 3089 895 3166 suscipiendos.
945 3094 1089 3166 quinetiam
1111 3093 1178 3156 nihil

122 3188 164 3234 est
188 3177 260 3253 quod
282 3174 408 3253 prohibet
430 3174 569 3251 superiora
593 3172 741 3229 diffundere
765 3174 854 3231 lumen
882 3197 959 3232 suum
982 3177 1015 3232 ad
1038 3178 1176 3238 infcriorau

122 3282 272 3339 quatenoc
290 3263 427 3318 materiam
447 3269 585 3337 expertem
609 3256 689 3314 faciet
712 3260 857 3336 quidquam
880 3263 1047 3337 superiorum
1070 3268 1178 3342 portici,

121 3350 252 3427 potionis:
269 3348 384 3425 proinde
401 3364 575 3423 quaecunque
592 3347 700 3403 materia
718 3349 868 3424 reperiatur
885 3347 1003 3424 perfecta
1021 3358 1049 3403 et
1066 3369 1133 3427 pura
1151 3361 1179 3410 ct

122 3434 289 3500 boniformis‚
312 3434 346 3490 ad
364 3431 552 3509 suscipiendos
571 3430 637 3486 deos
656 3432 746 3508 inepta
764 3442 887 3488 nonest.
935 3455 996 3489 nam
1018 3453 1079 3489 cum
1100 3454 1179 3516 opor,

122 3521 203 3575 tuerit
226 3521 306 3574 etiam
328 3529 433 3574 terrena
456 3515 531 3586 nullo
552 3516 633 3572 modo
655 3522 774 3595 expertia
798 3518 907 3576 divinae
930 3522 1178 3579 communicationis

123 3605 192 3670 iore,
215 3605 275 3680 ipsa
293 3624 399 3680 quoque
417 3614 488 3660 terra
507 3602 625 3660 divinam
646 3605 778 3681 quandam
799 3607 952 3682 portionem
973 3605 1037 3663 inde
1060 3609 1180 3686 suscepit

124 3691 158 3746 ad
175 3689 321 3766 capiendos
340 3689 411 3745 deos.
423 3689 608 3747 sufficientem

136 3799 139 3803 Δ
182 3774 265 3830 illud
282 3776 363 3850 igitar
380 3795 518 3833 sacrorum
535 3779 665 3854 sapientia
686 3779 846 3844 observans,
870 3787 897 3833 et
919 3780 960 3835 sic
983 3789 1037 3835 um
1059 3784 1086 3837 in
1110 3800 1179 3837 com·

125 3864 198 3917 muni
218 3865 426 3940 quamproprie
444 3865 589 3938 unicuique
604 3863 716 3920 deorum
734 3866 912 3939 competentia
933 3867 1117 3945 susceptacula
1136 3888 1180 3928 ex-

127 3951 256 4023 cogitans,
277 3969 359 4026 saepe
377 3943 516 4026 componit
532 3950 561 4003 in
578 3968 660 4005 unum
677 3948 781 4026 lapides
799 3948 896 4006 herbas
914 3952 1036 4008 animalia
1054 3963 1179 4021 aromata,
1216 3964 1223 4002 l

126 4045 153 4090 et
171 4034 223 4090 alia
240 4034 394 4092 hrriusmodi
416 4055 493 4091 sacra
515 4045 543 4090 et
560 4033 678 4112 perfecta
701 4045 728 4090 et
750 4035 902 4105 deiformia,
925 4047 1004 4117 atque
1027 4039 1124 4095 deinde
1146 4059 1179 4100 ex

126 4120 171 4176 his
190 4122 313 4177 omnibus
332 4121 547 4199 susceptaculum
564 4141 660 4199 purum
678 4132 706 4177 et
721 4121 869 4199 perfectum
886 4124 1005 4181 fabricat.
1070 4137 1071 4142 ’

197 4208 291 4285 Neque
314 4211 384 4264 enim
408 4218 515 4286 oportet
537 4228 642 4265 omnem
662 4212 799 4269 materiam
821 4211 966 4276 constari-‚1
985 4210 1033 4266 scd
1057 4211 1142 4270 solam
1164 4238 1178 4271 a
1236 4229 1239 4236 ’
