<?xml version="1.0" encoding="UTF-8"?>
<!DOCTYPE html PUBLIC "-//W3C//DTD XHTML 1.0 Transitional//EN"
    "http://www.w3.org/TR/xhtml1/DTD/xhtml1-transitional.dtd">
<html xmlns="http://www.w3.org/1999/xhtml" xml:lang="en" lang="en">
 <head>
  <title>
</title>
<meta http-equiv="Content-Type" content="text/html;charset=utf-8" />
  <meta name='ocr-system' content='tesseract 3.04.00' />
  <meta name='ocr-capabilities' content='ocr_page ocr_carea ocr_par ocr_line ocrx_word'/>
</head>
<body>
  <div class='ocr_page' id='page_1' title='image "./jamblichidemyst00jambgoog_0157.png"; bbox 0 0 2776 4876; ppageno 0'>
   <div class='ocr_carea' id='block_1_1' title="bbox 167 355 1216 420">
    <p class='ocr_par' dir='ltr' id='par_1_1' title="bbox 167 355 1216 420">
     <span class='ocr_line' id='line_1_1' title="bbox 167 355 1216 420; baseline 0.001 -11"><span class='ocrx_word' id='word_1_1' title='bbox 167 355 203 409; x_wconf 74' lang='lat'>58</span> <span class='ocrx_word' id='word_1_2' title='bbox 1147 357 1216 420; x_wconf 66' lang='grc' dir='ltr'>ΜΟ</span> 
     </span>
    </p>
   </div>
   <div class='ocr_carea' id='block_1_2' title="bbox 160 508 1265 2387">
    <p class='ocr_par' dir='ltr' id='par_1_2' title="bbox 160 508 1248 1271">
     <span class='ocr_line' id='line_1_2' title="bbox 168 508 1217 599; baseline -0.001 -21"><span class='ocrx_word' id='word_1_3' title='bbox 168 515 230 599; x_wconf 80' lang='grc' dir='ltr'><strong><em>έγει</em></strong></span> <span class='ocrx_word' id='word_1_4' title='bbox 251 508 313 594; x_wconf 77' lang='grc' dir='ltr'>τὴν</span> <span class='ocrx_word' id='word_1_5' title='bbox 333 511 390 577; x_wconf 82' lang='grc' dir='ltr'>ἀπ’</span> <span class='ocrx_word' id='word_1_6' title='bbox 410 510 518 578; x_wconf 78' lang='grc' dir='ltr'><strong><em>αὐτῶν</em></strong></span> <span class='ocrx_word' id='word_1_7' title='bbox 540 510 824 578; x_wconf 73' lang='grc' dir='ltr'><strong><em>ἀποτελεσθεῖσαν</em></strong></span> <span class='ocrx_word' id='word_1_8' title='bbox 839 508 966 578; x_wconf 83' lang='grc' dir='ltr'><strong><em>είκόνα·</em></strong></span> <span class='ocrx_word' id='word_1_9' title='bbox 988 515 1104 595; x_wconf 83' lang='grc' dir='ltr'><strong><em>έτέρως</em></strong></span> <span class='ocrx_word' id='word_1_10' title='bbox 1124 535 1160 577; x_wconf 87' lang='grc' dir='ltr'>τε</span> <span class='ocrx_word' id='word_1_11' title='bbox 1173 509 1217 577; x_wconf 84' lang='grc' dir='ltr'><strong><em>τά</em></strong></span> 
     </span>
     <span class='ocr_line' id='line_1_3' title="bbox 167 598 1217 710; baseline 0.002 -22"><span class='ocrx_word' id='word_1_12' title='bbox 167 623 252 690; x_wconf 79' lang='grc' dir='ltr'><strong><em>αὐτά</em></strong></span> <span class='ocrx_word' id='word_1_13' title='bbox 273 620 378 704; x_wconf 83' lang='grc' dir='ltr'><strong><em>άλλην</em></strong></span> <span class='ocrx_word' id='word_1_14' title='bbox 399 619 617 710; x_wconf 74' lang='grc' dir='ltr'><strong><em>διακόσμησιν</em></strong></span> <span class='ocrx_word' id='word_1_15' title='bbox 638 598 922 708; x_wconf 41' lang='grc' dir='ltr'><strong><em>δεδημιούργηται,</em></strong></span> <span class='ocrx_word' id='word_1_16' title='bbox 950 625 1070 710; x_wconf 84' lang='grc' dir='ltr'><strong><em>συνεχῆ</em></strong></span> <span class='ocrx_word' id='word_1_17' title='bbox 1090 628 1125 688; x_wconf 88' lang='grc' dir='ltr'><strong><em>τέ</em></strong></span> <span class='ocrx_word' id='word_1_18' title='bbox 1147 629 1217 690; x_wconf 78' lang='lat' dir='ltr'>tora</span> 
     </span>
     <span class='ocr_line' id='line_1_4' title="bbox 166 727 1248 827; baseline -0.002 -25"><span class='ocrx_word' id='word_1_19' title='bbox 166 733 217 802; x_wconf 89' lang='grc' dir='ltr'><strong><em>τά·</em></strong></span> <span class='ocrx_word' id='word_1_20' title='bbox 229 738 304 827; x_wconf 78' lang='grc' dir='ltr'><strong><em>τῇδε</em></strong></span> <span class='ocrx_word' id='word_1_21' title='bbox 325 727 537 822; x_wconf 60' lang='lat' dir='ltr'>sataliam</span> <span class='ocrx_word' id='word_1_22' title='bbox 557 731 643 801; x_wconf 88' lang='grc' dir='ltr'><strong><em>κατά</em></strong></span> <span class='ocrx_word' id='word_1_23' title='bbox 664 740 746 822; x_wconf 89' lang='grc' dir='ltr'><strong><em>μίαν</em></strong></span> <span class='ocrx_word' id='word_1_24' title='bbox 768 742 891 814; x_wconf 86' lang='grc' dir='ltr'><strong><em>ένυσιν,</em></strong></span> <span class='ocrx_word' id='word_1_25' title='bbox 912 737 969 800; x_wconf 81' lang='grc' dir='ltr'>καί</span> <span class='ocrx_word' id='word_1_26' title='bbox 991 731 1033 801; x_wconf 84' lang='grc' dir='ltr'><strong><em>τά</em></strong></span> <span class='ocrx_word' id='word_1_27' title='bbox 1055 737 1116 820; x_wconf 81' lang='grc' dir='ltr'><strong><em>μέν</em></strong></span> <span class='ocrx_word' id='word_1_28' title='bbox 1130 750 1248 822; x_wconf 80' lang='grc' dir='ltr'><strong><em>παρ-3</em></strong></span> 
     </span>
     <span class='ocr_line' id='line_1_5' title="bbox 165 841 1217 935; baseline -0.002 -21"><span class='ocrx_word' id='word_1_29' title='bbox 165 845 248 915; x_wconf 91' lang='grc' dir='ltr'><strong><em>όντα</em></strong></span> <span class='ocrx_word' id='word_1_30' title='bbox 271 841 479 935; x_wconf 79' lang='grc' dir='ltr'><strong><em>θεῑανοερά</em></strong></span> <span class='ocrx_word' id='word_1_31' title='bbox 502 845 571 928; x_wconf 86' lang='grc' dir='ltr'><strong><em>είδη</em></strong></span> <span class='ocrx_word' id='word_1_32' title='bbox 593 859 663 926; x_wconf 84' lang='grc' dir='ltr'><strong><em>τοῖς</em></strong></span> <span class='ocrx_word' id='word_1_33' title='bbox 684 846 861 935; x_wconf 78' lang='grc' dir='ltr'><strong><em>ὁρωμένοις</em></strong></span> <span class='ocrx_word' id='word_1_34' title='bbox 881 842 1099 932; x_wconf 78' lang='grc' dir='ltr'><strong><em>σάμασετῶν</em></strong></span> <span class='ocrx_word' id='word_1_35' title='bbox 1124 849 1217 912; x_wconf 76' lang='grc' dir='ltr'><strong><em>θεῶν</em></strong></span> 
     </span>
     <span class='ocr_line' id='line_1_6' title="bbox 160 955 1217 1049; baseline -0.001 -24"><span class='ocrx_word' id='word_1_36' title='bbox 160 963 327 1048; x_wconf 74' lang='grc' dir='ltr'><strong><em>χωριστοίς</em></strong></span> <span class='ocrx_word' id='word_1_37' title='bbox 349 957 457 1025; x_wconf 81' lang='grc' dir='ltr'><strong><em>αὐτῶν</em></strong></span> <span class='ocrx_word' id='word_1_38' title='bbox 478 958 695 1047; x_wconf 79' lang='grc' dir='ltr'><strong><em>προϋπάρχοι·</em></strong></span> <span class='ocrx_word' id='word_1_39' title='bbox 719 956 762 1025; x_wconf 87' lang='grc' dir='ltr'><strong><em>τά</em></strong></span> <span class='ocrx_word' id='word_1_40' title='bbox 776 958 803 1024; x_wconf 86' lang='grc' dir='ltr'>δ’</span> <span class='ocrx_word' id='word_1_41' title='bbox 819 955 943 1041; x_wconf 88' lang='grc' dir='ltr'><strong><em>άμικτα</em></strong></span> <span class='ocrx_word' id='word_1_42' title='bbox 964 961 1018 1025; x_wconf 83' lang='grc' dir='ltr'>καί</span> <span class='ocrx_word' id='word_1_43' title='bbox 1031 955 1217 1049; x_wconf 79' lang='grc' dir='ltr'><strong><em>ὑπερουρά·</em></strong></span> 
     </span>
     <span class='ocr_line' id='line_1_7' title="bbox 164 1065 1248 1174; baseline 0 -36"><span class='ocrx_word' id='word_1_44' title='bbox 164 1097 219 1138; x_wconf 92' lang='grc' dir='ltr'><strong><em>νια</em></strong></span> <span class='ocrx_word' id='word_1_45' title='bbox 241 1071 351 1142; x_wconf 72' lang='grc' dir='ltr'><strong><em>αὐτῶν</em></strong></span> <span class='ocrx_word' id='word_1_46' title='bbox 372 1066 478 1150; x_wconf 87' lang='grc' dir='ltr'><strong><em>νοητά</em></strong></span> <span class='ocrx_word' id='word_1_47' title='bbox 499 1073 752 1174; x_wconf 62' lang='grc' dir='ltr'><strong><em>παραδρίγματα</em></strong></span> <span class='ocrx_word' id='word_1_48' title='bbox 774 1076 863 1153; x_wconf 86' lang='grc' dir='ltr'><strong><em>μένει</em></strong></span> <span class='ocrx_word' id='word_1_49' title='bbox 884 1069 968 1135; x_wconf 73' lang='grc' dir='ltr'><strong><em>καθ’</em></strong></span> <span class='ocrx_word' id='word_1_50' title='bbox 987 1065 1089 1138; x_wconf 84' lang='grc' dir='ltr'><strong><em>ίαυτά</em></strong></span> <span class='ocrx_word' id='word_1_51' title='bbox 1110 1076 1147 1136; x_wconf 72' lang='grc' dir='ltr'><strong><em>ἐν</em></strong></span> <span class='ocrx_word' id='word_1_52' title='bbox 1168 1073 1248 1138; x_wconf 73' lang='lat' dir='ltr'>ivit</span> 
     </span>
     <span class='ocr_line' id='line_1_8' title="bbox 165 1178 1201 1271; baseline 0 -19"><span class='ocrx_word' id='word_1_53' title='bbox 165 1184 250 1271; x_wconf 79' lang='grc' dir='ltr'><strong><em>ὁμοῦ</em></strong></span> <span class='ocrx_word' id='word_1_54' title='bbox 272 1179 388 1249; x_wconf 78' lang='grc' dir='ltr'><strong><em>πάντα.</em></strong></span> <span class='ocrx_word' id='word_1_55' title='bbox 406 1181 491 1248; x_wconf 86' lang='grc' dir='ltr'><strong><em>κατά</em></strong></span> <span class='ocrx_word' id='word_1_56' title='bbox 512 1178 574 1264; x_wconf 79' lang='grc' dir='ltr'>την</span> <span class='ocrx_word' id='word_1_57' title='bbox 596 1185 768 1248; x_wconf 83' lang='grc' dir='ltr'><strong><em>διαεωνίαν</em></strong></span> <span class='ocrx_word' id='word_1_58' title='bbox 790 1179 899 1247; x_wconf 81' lang='grc' dir='ltr'><strong><em>αὐτῶν</em></strong></span> <span class='ocrx_word' id='word_1_59' title='bbox 918 1179 1116 1267; x_wconf 77' lang='grc' dir='ltr'><strong><em>ὑπερβολήν.</em></strong></span> <span class='ocrx_word' id='word_1_60' title='bbox 1198 1240 1201 1252; x_wconf 92' lang='grc'><strong>.</strong></span> 
     </span>
    </p>

    <p class='ocr_par' dir='ltr' id='par_1_3' title="bbox 160 1285 1265 2387">
     <span class='ocr_line' id='line_1_9' title="bbox 246 1285 1216 1381; baseline -0.001 -19"><span class='ocrx_word' id='word_1_61' title='bbox 246 1291 337 1362; x_wconf 83' lang='grc' dir='ltr'><strong><em>’Ἐστι</em></strong></span> <span class='ocrx_word' id='word_1_62' title='bbox 357 1298 418 1378; x_wconf 82' lang='grc' dir='ltr'><strong><em>μὲν</em></strong></span> <span class='ocrx_word' id='word_1_63' title='bbox 439 1285 498 1360; x_wconf 80' lang='grc' dir='ltr'><strong><em>οὖν</em></strong></span> <span class='ocrx_word' id='word_1_64' title='bbox 519 1297 575 1360; x_wconf 83' lang='grc' dir='ltr'>καὶ</span> <span class='ocrx_word' id='word_1_65' title='bbox 597 1291 682 1360; x_wconf 82' lang='grc' dir='ltr'><strong><em>κατά</em></strong></span> <span class='ocrx_word' id='word_1_66' title='bbox 704 1291 764 1372; x_wconf 87' lang='grc' dir='ltr'><strong><em>τάς</em></strong></span> <span class='ocrx_word' id='word_1_67' title='bbox 784 1289 903 1381; x_wconf 83' lang='grc' dir='ltr'><strong><em>νοεράς</em></strong></span> <span class='ocrx_word' id='word_1_68' title='bbox 923 1297 1088 1378; x_wconf 70' lang='grc' dir='ltr'><em>ἐνεργείας</em></span> <span class='ocrx_word' id='word_1_69' title='bbox 1109 1293 1130 1359; x_wconf 83' lang='lat' dir='ltr'>b</span> <span class='ocrx_word' id='word_1_70' title='bbox 1151 1317 1216 1361; x_wconf 81' lang='grc' dir='ltr'><strong><em>κοι-</em></strong></span> 
     </span>
     <span class='ocr_line' id='line_1_10' title="bbox 162 1401 1248 1494; baseline -0.006 -20"><span class='ocrx_word' id='word_1_71' title='bbox 162 1403 220 1486; x_wconf 89' lang='grc' dir='ltr'><strong><em>νδς</em></strong></span> <span class='ocrx_word' id='word_1_72' title='bbox 241 1405 422 1492; x_wconf 75' lang='grc' dir='ltr'><strong><em>σύνδεσμος</em></strong></span> <span class='ocrx_word' id='word_1_73' title='bbox 444 1404 553 1472; x_wconf 79' lang='grc' dir='ltr'><strong><em>αὐτῶν</em></strong></span> <span class='ocrx_word' id='word_1_74' title='bbox 573 1404 775 1494; x_wconf 80' lang='grc' dir='ltr'><strong><em>ἀδιαίρετος,</em></strong></span> <span class='ocrx_word' id='word_1_75' title='bbox 805 1410 874 1472; x_wconf 87' lang='grc' dir='ltr'><strong><em>έστι</em></strong></span> <span class='ocrx_word' id='word_1_76' title='bbox 901 1407 936 1471; x_wconf 83' lang='grc' dir='ltr'>δέ</span> <span class='ocrx_word' id='word_1_77' title='bbox 964 1410 1020 1473; x_wconf 86' lang='grc' dir='ltr'>καὶ</span> <span class='ocrx_word' id='word_1_78' title='bbox 1041 1401 1128 1473; x_wconf 80' lang='grc' dir='ltr'><strong><em>κατά</em></strong></span> <span class='ocrx_word' id='word_1_79' title='bbox 1155 1401 1248 1483; x_wconf 82' lang='grc' dir='ltr'><strong><em>τάςυ</em></strong></span> 
     </span>
     <span class='ocr_line' id='line_1_11' title="bbox 162 1513 1216 1605; baseline 0 -19"><span class='ocrx_word' id='word_1_80' title='bbox 162 1524 228 1586; x_wconf 79' lang='grc' dir='ltr'>τῶν</span> <span class='ocrx_word' id='word_1_81' title='bbox 250 1522 344 1584; x_wconf 79' lang='grc' dir='ltr'><strong><em>εἰδῶν</em></strong></span> <span class='ocrx_word' id='word_1_82' title='bbox 365 1513 477 1594; x_wconf 88' lang='grc' dir='ltr'><strong><em>κοινάς</em></strong></span> <span class='ocrx_word' id='word_1_83' title='bbox 497 1521 688 1600; x_wconf 86' lang='grc' dir='ltr'><strong><em>μετουσίας,</em></strong></span> <span class='ocrx_word' id='word_1_84' title='bbox 717 1524 785 1586; x_wconf 77' lang='grc' dir='ltr'><strong><em>ἐπεὶ·</em></strong></span> <span class='ocrx_word' id='word_1_85' title='bbox 808 1518 903 1589; x_wconf 80' lang='grc' dir='ltr'><strong><em>οὐδέν</em></strong></span> <span class='ocrx_word' id='word_1_86' title='bbox 925 1519 1057 1605; x_wconf 89' lang='grc' dir='ltr'><strong><em>διείργει</em></strong></span> <span class='ocrx_word' id='word_1_87' title='bbox 1083 1515 1216 1594; x_wconf 77' lang='grc' dir='ltr'><strong><em>ταύτας,</em></strong></span> 
     </span>
     <span class='ocr_line' id='line_1_12' title="bbox 161 1625 1214 1715; baseline -0.002 -18"><span class='ocrx_word' id='word_1_88' title='bbox 161 1630 231 1697; x_wconf 76' lang='grc' dir='ltr'><strong><em>οὐδ’</em></strong></span> <span class='ocrx_word' id='word_1_89' title='bbox 252 1633 319 1695; x_wconf 69' lang='grc' dir='ltr'><strong><em>ἔστι</em></strong></span> <span class='ocrx_word' id='word_1_90' title='bbox 348 1655 379 1695; x_wconf 94' lang='grc' dir='ltr'><strong><em>τι</em></strong></span> <span class='ocrx_word' id='word_1_91' title='bbox 407 1628 516 1695; x_wconf 71' lang='grc' dir='ltr'><strong><em>αὐτῶν</em></strong></span> <span class='ocrx_word' id='word_1_92' title='bbox 543 1627 681 1713; x_wconf 79' lang='grc' dir='ltr'><strong><em>μεταξύ·</em></strong></span> <span class='ocrx_word' id='word_1_93' title='bbox 716 1630 755 1697; x_wconf 84' lang='grc' dir='ltr'>οὐ</span> <span class='ocrx_word' id='word_1_94' title='bbox 783 1627 850 1715; x_wconf 78' lang='grc' dir='ltr'><strong><em>μὴν</em></strong></span> <span class='ocrx_word' id='word_1_95' title='bbox 878 1625 966 1695; x_wconf 80' lang='grc' dir='ltr'><strong><em>άίλά</em></strong></span> <span class='ocrx_word' id='word_1_96' title='bbox 993 1634 1049 1696; x_wconf 80' lang='grc' dir='ltr'>καὶ</span> <span class='ocrx_word' id='word_1_97' title='bbox 1078 1625 1164 1710; x_wconf 76' lang='grc' dir='ltr'><strong><em>αὑτὴ</em></strong></span> <span class='ocrx_word' id='word_1_98' title='bbox 1193 1629 1214 1710; x_wconf 80' lang='grc' dir='ltr'><strong><em>ἡ</em></strong></span> 
     </span>
     <span class='ocr_line' id='line_1_13' title="bbox 162 1737 1264 1826; baseline -0.001 -18"><span class='ocrx_word' id='word_1_99' title='bbox 162 1743 262 1819; x_wconf 81' lang='grc' dir='ltr'><strong><em>άυίος</em></strong></span> <span class='ocrx_word' id='word_1_100' title='bbox 282 1739 380 1808; x_wconf 78' lang='grc' dir='ltr'><strong><em>ουσία</em></strong></span> <span class='ocrx_word' id='word_1_101' title='bbox 402 1745 457 1806; x_wconf 83' lang='grc' dir='ltr'>καί</span> <span class='ocrx_word' id='word_1_102' title='bbox 480 1737 655 1825; x_wconf 79' lang='grc' dir='ltr'><strong><em>ἀσώματος</em></strong></span> <span class='ocrx_word' id='word_1_103' title='bbox 678 1737 751 1808; x_wconf 79' lang='grc' dir='ltr'><strong><em>οὔτε</em></strong></span> <span class='ocrx_word' id='word_1_104' title='bbox 773 1740 886 1820; x_wconf 81' lang='grc' dir='ltr'><strong><em>τόποις</em></strong></span> <span class='ocrx_word' id='word_1_105' title='bbox 901 1738 975 1809; x_wconf 79' lang='grc' dir='ltr'><strong><em>οὔτε</em></strong></span> <span class='ocrx_word' id='word_1_106' title='bbox 989 1741 1215 1826; x_wconf 76' lang='grc' dir='ltr'><strong><em>ὑποκειμένοις</em></strong></span> <span class='ocrx_word' id='word_1_107' title='bbox 1233 1748 1264 1799; x_wconf 80' lang='lat'>12</span> 
     </span>
     <span class='ocr_line' id='line_1_14' title="bbox 162 1847 1215 1943; baseline -0.001 -24"><span class='ocrx_word' id='word_1_108' title='bbox 162 1857 352 1938; x_wconf 87' lang='grc' dir='ltr'><strong><em>διισταμέυη</em></strong></span> <span class='ocrx_word' id='word_1_109' title='bbox 375 1847 448 1918; x_wconf 79' lang='grc' dir='ltr'><strong><em>οὔτε</em></strong></span> <span class='ocrx_word' id='word_1_110' title='bbox 470 1856 577 1938; x_wconf 86' lang='grc' dir='ltr'><strong><em>μερῶν</em></strong></span> <span class='ocrx_word' id='word_1_111' title='bbox 599 1865 768 1939; x_wconf 85' lang='grc' dir='ltr'><strong><em>μερισταῖς</em></strong></span> <span class='ocrx_word' id='word_1_112' title='bbox 782 1856 978 1942; x_wconf 80' lang='grc' dir='ltr'><strong><em>διωρισμένη</em></strong></span> <span class='ocrx_word' id='word_1_113' title='bbox 993 1864 1215 1943; x_wconf 77' lang='grc' dir='ltr'><strong><em>περιγραφαῖς</em></strong></span> 
     </span>
     <span class='ocr_line' id='line_1_15' title="bbox 161 1960 1218 2056; baseline -0.001 -25"><span class='ocrx_word' id='word_1_114' title='bbox 161 1960 264 2042; x_wconf 75' lang='grc' dir='ltr'><strong><em>εὐθυς</em></strong></span> <span class='ocrx_word' id='word_1_115' title='bbox 284 1969 473 2050; x_wconf 77' lang='grc' dir='ltr'><strong><em>συνέρχεται</em></strong></span> <span class='ocrx_word' id='word_1_116' title='bbox 493 1966 550 2029; x_wconf 85' lang='grc' dir='ltr'>καὶ</span> <span class='ocrx_word' id='word_1_117' title='bbox 572 1962 755 2055; x_wconf 80' lang='grc' dir='ltr'><strong><em>συμφύεται</em></strong></span> <span class='ocrx_word' id='word_1_118' title='bbox 777 1972 822 2042; x_wconf 88' lang='grc' dir='ltr'>είς</span> <span class='ocrx_word' id='word_1_119' title='bbox 844 1964 1038 2046; x_wconf 83' lang='grc' dir='ltr'><strong><em>ταύτότητα,</em></strong></span> <span class='ocrx_word' id='word_1_120' title='bbox 1060 1961 1082 2044; x_wconf 80' lang='grc' dir='ltr'><em>ἥ</em></span> <span class='ocrx_word' id='word_1_121' title='bbox 1103 1989 1138 2031; x_wconf 87' lang='grc' dir='ltr'>τε</span> <span class='ocrx_word' id='word_1_122' title='bbox 1153 1963 1218 2056; x_wconf 83' lang='grc' dir='ltr'>ἀφ’</span> 
     </span>
     <span class='ocr_line' id='line_1_16' title="bbox 160 2071 1265 2162; baseline -0.002 -19"><span class='ocrx_word' id='word_1_123' title='bbox 160 2074 233 2154; x_wconf 78' lang='grc' dir='ltr'><strong><em>ἐνὸς</em></strong></span> <span class='ocrx_word' id='word_1_124' title='bbox 255 2074 399 2162; x_wconf 86' lang='grc' dir='ltr'><strong><em>πρόοδος</em></strong></span> <span class='ocrx_word' id='word_1_125' title='bbox 421 2080 476 2142; x_wconf 86' lang='grc' dir='ltr'>καί</span> <span class='ocrx_word' id='word_1_126' title='bbox 500 2081 544 2152; x_wconf 86' lang='grc' dir='ltr'>είς</span> <span class='ocrx_word' id='word_1_127' title='bbox 566 2078 600 2156; x_wconf 79' lang='grc' dir='ltr'><strong><em>έν</em></strong></span> <span class='ocrx_word' id='word_1_128' title='bbox 624 2080 686 2143; x_wconf 83' lang='grc' dir='ltr'>τῶν</span> <span class='ocrx_word' id='word_1_129' title='bbox 709 2073 796 2143; x_wconf 81' lang='grc' dir='ltr'><strong><em>ὅλοιν</em></strong></span> <span class='ocrx_word' id='word_1_130' title='bbox 818 2072 973 2162; x_wconf 76' lang='grc' dir='ltr'><strong><em>άναγωγὴ</em></strong></span> <span class='ocrx_word' id='word_1_131' title='bbox 996 2080 1052 2142; x_wconf 84' lang='grc' dir='ltr'>καὶ</span> <span class='ocrx_word' id='word_1_132' title='bbox 1066 2079 1127 2142; x_wconf 81' lang='grc' dir='ltr'><strong><em>τοῦ</em></strong></span> <span class='ocrx_word' id='word_1_133' title='bbox 1140 2071 1215 2152; x_wconf 84' lang='grc' dir='ltr'><strong><em>ένός</em></strong></span> <span class='ocrx_word' id='word_1_134' title='bbox 1233 2091 1265 2140; x_wconf 76' lang='lat' dir='ltr'>tt</span> 
     </span>
     <span class='ocr_line' id='line_1_17' title="bbox 160 2184 1215 2275; baseline 0 -21"><span class='ocrx_word' id='word_1_135' title='bbox 160 2187 268 2268; x_wconf 91' lang='grc' dir='ltr'><strong><em>πάντη</em></strong></span> <span class='ocrx_word' id='word_1_136' title='bbox 291 2187 478 2273; x_wconf 77' lang='grc' dir='ltr'><strong><em>ἐπικράτεια</em></strong></span> <span class='ocrx_word' id='word_1_137' title='bbox 493 2185 626 2272; x_wconf 81' lang='grc' dir='ltr'><strong><em>συνάγει</em></strong></span> <span class='ocrx_word' id='word_1_138' title='bbox 639 2184 701 2269; x_wconf 82' lang='grc' dir='ltr'>τὴν</span> <span class='ocrx_word' id='word_1_139' title='bbox 715 2194 891 2256; x_wconf 80' lang='grc' dir='ltr'><strong><em>κοινωνίαν</em></strong></span> <span class='ocrx_word' id='word_1_140' title='bbox 903 2191 969 2255; x_wconf 73' lang='grc' dir='ltr'><strong><em>τοῖν</em></strong></span> <span class='ocrx_word' id='word_1_141' title='bbox 991 2197 1026 2254; x_wconf 91' lang='grc' dir='ltr'><strong><em>έν</em></strong></span> <span class='ocrx_word' id='word_1_142' title='bbox 1040 2190 1087 2273; x_wconf 74' lang='grc' dir='ltr'><strong><em>τῷ</em></strong></span> <span class='ocrx_word' id='word_1_143' title='bbox 1100 2185 1215 2275; x_wconf 79' lang='grc' dir='ltr'><strong><em>κόσμῳ</em></strong></span> 
     </span>
     <span class='ocr_line' id='line_1_18' title="bbox 161 2296 1010 2387; baseline 0.001 -22"><span class='ocrx_word' id='word_1_144' title='bbox 161 2303 252 2368; x_wconf 76' lang='grc' dir='ltr'><strong><em>θεῶν</em></strong></span> <span class='ocrx_word' id='word_1_145' title='bbox 273 2296 356 2387; x_wconf 85' lang='grc' dir='ltr'><strong><em>πρὸς</em></strong></span> <span class='ocrx_word' id='word_1_146' title='bbox 377 2296 452 2378; x_wconf 76' lang='grc' dir='ltr'>τούς</span> <span class='ocrx_word' id='word_1_147' title='bbox 474 2306 508 2367; x_wconf 78' lang='grc' dir='ltr'><strong><em>έν</em></strong></span> <span class='ocrx_word' id='word_1_148' title='bbox 530 2305 576 2382; x_wconf 78' lang='grc' dir='ltr'><strong><em>τῷ</em></strong></span> <span class='ocrx_word' id='word_1_149' title='bbox 598 2305 706 2385; x_wconf 76' lang='grc' dir='ltr'><strong><em>νοητῷ</em></strong></span> <span class='ocrx_word' id='word_1_150' title='bbox 727 2300 1010 2387; x_wconf 81' lang='grc' dir='ltr'><strong><em>προϋπάρχοντας.</em></strong></span> 
     </span>
    </p>
   </div>
   <div class='ocr_carea' id='block_1_3' title="bbox 231 2499 1215 2746">
    <p class='ocr_par' dir='ltr' id='par_1_4' title="bbox 231 2499 1215 2746">
     <span class='ocr_line' id='line_1_19' title="bbox 231 2499 1213 2572; baseline -0.003 -16"><span class='ocrx_word' id='word_1_151' title='bbox 231 2507 255 2556; x_wconf 88' lang='grc'>4.</span> <span class='ocrx_word' id='word_1_152' title='bbox 283 2501 348 2572; x_wconf 85' lang='grc' dir='ltr'><strong><em>είδη]</em></strong></span> <span class='ocrx_word' id='word_1_153' title='bbox 367 2499 418 2571; x_wconf 75' lang='grc' dir='ltr'>ἤδη</span> <span class='ocrx_word' id='word_1_154' title='bbox 436 2503 469 2553; x_wconf 87' lang='grc' dir='ltr'>Ι).</span> <span class='ocrx_word' id='word_1_155' title='bbox 569 2504 593 2553; x_wconf 89' lang='grc'>6.</span> <span class='ocrx_word' id='word_1_156' title='bbox 619 2500 655 2568; x_wconf 81' lang='grc' dir='ltr'><strong><em>έν]</em></strong></span> <span class='ocrx_word' id='word_1_157' title='bbox 674 2502 709 2553; x_wconf 84' lang='lat' dir='ltr'>sic</span> <span class='ocrx_word' id='word_1_158' title='bbox 729 2502 781 2563; x_wconf 79' lang='lat' dir='ltr'>Ae,</span> <span class='ocrx_word' id='word_1_159' title='bbox 799 2523 850 2554; x_wconf 89' lang='lat' dir='ltr'>om.</span> <span class='ocrx_word' id='word_1_160' title='bbox 870 2504 902 2556; x_wconf 89' lang='grc'>0.</span> <span class='ocrx_word' id='word_1_161' title='bbox 1012 2507 1037 2558; x_wconf 79' lang='grc'>7.</span> <span class='ocrx_word' id='word_1_162' title='bbox 1066 2500 1213 2568; x_wconf 85' lang='grc' dir='ltr'><strong><em>διαιωνίαν]</em></strong></span> 
     </span>
     <span class='ocr_line' id='line_1_20' title="bbox 232 2583 1215 2657; baseline -0.002 -15"><span class='ocrx_word' id='word_1_163' title='bbox 232 2587 348 2642; x_wconf 86' lang='grc' dir='ltr'><strong><em>διάνοιαν</em></strong></span> <span class='ocrx_word' id='word_1_164' title='bbox 366 2590 400 2641; x_wconf 87' lang='grc' dir='ltr'>Ι).</span> <span class='ocrx_word' id='word_1_165' title='bbox 457 2590 552 2641; x_wconf 82' lang='lat'><strong>10.11.</strong></span> <span class='ocrx_word' id='word_1_166' title='bbox 579 2588 680 2649; x_wconf 81' lang='grc' dir='ltr'><strong><em>ταίιτας</em></strong></span> <span class='ocrx_word' id='word_1_167' title='bbox 699 2583 771 2656; x_wconf 74' lang='grc' dir='ltr'><strong><em>οὔδ’]</em></strong></span> <span class='ocrx_word' id='word_1_168' title='bbox 790 2585 873 2649; x_wconf 74' lang='grc' dir='ltr'><strong><em>αὐτας</em></strong></span> <span class='ocrx_word' id='word_1_169' title='bbox 893 2586 980 2643; x_wconf 72' lang='grc' dir='ltr'><strong><em>ὅδ’Β.</em></strong></span> <span class='ocrx_word' id='word_1_170' title='bbox 1037 2591 1079 2643; x_wconf 80' lang='grc'>16.</span> <span class='ocrx_word' id='word_1_171' title='bbox 1107 2589 1215 2657; x_wconf 82' lang='grc' dir='ltr'><strong><em>συνάγει</em></strong></span> 
     </span>
     <span class='ocr_line' id='line_1_21' title="bbox 232 2670 837 2746; baseline 0 -19"><span class='ocrx_word' id='word_1_172' title='bbox 232 2697 282 2727; x_wconf 86' lang='lat' dir='ltr'>orn.</span> <span class='ocrx_word' id='word_1_173' title='bbox 301 2677 334 2726; x_wconf 91' lang='lat' dir='ltr'>D.</span> <span class='ocrx_word' id='word_1_174' title='bbox 356 2670 369 2743; x_wconf 78' lang='grc' dir='ltr'>ΙΙ</span> <span class='ocrx_word' id='word_1_175' title='bbox 389 2672 450 2740; x_wconf 81' lang='grc' dir='ltr'><strong><em>τῶν]</em></strong></span> <span class='ocrx_word' id='word_1_176' title='bbox 470 2675 504 2725; x_wconf 83' lang='grc' dir='ltr'>εἰσ</span> <span class='ocrx_word' id='word_1_177' title='bbox 524 2674 578 2738; x_wconf 80' lang='lat' dir='ltr'>AC,</span> <span class='ocrx_word' id='word_1_178' title='bbox 596 2671 683 2726; x_wconf 78' lang='grc' dir='ltr'><strong><em>αὐτῶν</em></strong></span> <span class='ocrx_word' id='word_1_179' title='bbox 701 2675 735 2727; x_wconf 88' lang='grc'>0.</span> <span class='ocrx_word' id='word_1_180' title='bbox 835 2743 837 2746; x_wconf 22' lang='grc' dir='ltr'>Ι</span> 
     </span>
    </p>
   </div>
   <div class='ocr_carea' id='block_1_4' title="bbox 160 2840 1215 4308">
    <p class='ocr_par' dir='ltr' id='par_1_5' title="bbox 161 2840 1215 3448">
     <span class='ocr_line' id='line_1_22' title="bbox 162 2840 1214 2922; baseline -0.002 -22"><span class='ocrx_word' id='word_1_181' title='bbox 162 2849 310 2922; x_wconf 79' lang='lat' dir='ltr'><strong>imaginem,</strong></span> <span class='ocrx_word' id='word_1_182' title='bbox 329 2865 397 2920; x_wconf 90' lang='lat' dir='ltr'>quae</span> <span class='ocrx_word' id='word_1_183' title='bbox 414 2845 446 2900; x_wconf 86' lang='lat' dir='ltr'>ab</span> <span class='ocrx_word' id='word_1_184' title='bbox 466 2845 499 2900; x_wconf 84' lang='lat' dir='ltr'>iis</span> <span class='ocrx_word' id='word_1_185' title='bbox 517 2843 718 2921; x_wconf 77' lang='lat' dir='ltr'>perficiebator3</span> <span class='ocrx_word' id='word_1_186' title='bbox 742 2843 814 2919; x_wconf 88' lang='lat' dir='ltr'>quod</span> <span class='ocrx_word' id='word_1_187' title='bbox 833 2840 883 2899; x_wconf 87' lang='lat' dir='ltr'>bae</span> <span class='ocrx_word' id='word_1_188' title='bbox 901 2847 977 2922; x_wconf 87' lang='lat' dir='ltr'>ipsae</span> <span class='ocrx_word' id='word_1_189' title='bbox 995 2847 1121 2921; x_wconf 79' lang='lat' dir='ltr'>imagines</span> <span class='ocrx_word' id='word_1_190' title='bbox 1140 2842 1214 2899; x_wconf 90' lang='lat' dir='ltr'>aliud</span> 
     </span>
     <span class='ocr_line' id='line_1_23' title="bbox 161 2929 1215 3007; baseline 0 -19"><span class='ocrx_word' id='word_1_191' title='bbox 161 2932 303 2988; x_wconf 88' lang='lat' dir='ltr'>ordiuntur</span> <span class='ocrx_word' id='word_1_192' title='bbox 325 2951 405 3007; x_wconf 86' lang='lat' dir='ltr'>opus,</span> <span class='ocrx_word' id='word_1_193' title='bbox 429 2940 456 2985; x_wconf 90' lang='lat' dir='ltr'>et</span> <span class='ocrx_word' id='word_1_194' title='bbox 478 2950 528 3007; x_wconf 90' lang='lat' dir='ltr'>per</span> <span class='ocrx_word' id='word_1_195' title='bbox 550 2932 659 2987; x_wconf 87' lang='lat' dir='ltr'>unitatis</span> <span class='ocrx_word' id='word_1_196' title='bbox 682 2929 818 2986; x_wconf 88' lang='lat' dir='ltr'>vinculum</span> <span class='ocrx_word' id='word_1_197' title='bbox 839 2929 889 2987; x_wconf 88' lang='lat' dir='ltr'>bae</span> <span class='ocrx_word' id='word_1_198' title='bbox 911 2951 971 2988; x_wconf 91' lang='lat' dir='ltr'>cum</span> <span class='ocrx_word' id='word_1_199' title='bbox 993 2929 1049 2987; x_wconf 86' lang='lat' dir='ltr'>illis</span> <span class='ocrx_word' id='word_1_200' title='bbox 1071 2932 1215 2988; x_wconf 75' lang='lat' dir='ltr'>continuae</span> 
     </span>
     <span class='ocr_line' id='line_1_24' title="bbox 163 3015 1215 3096; baseline -0.003 -22"><span class='ocrx_word' id='word_1_201' title='bbox 163 3028 234 3086; x_wconf 75' lang='lat' dir='ltr'>sunt,</span> <span class='ocrx_word' id='word_1_202' title='bbox 258 3028 285 3073; x_wconf 87' lang='lat' dir='ltr'>et</span> <span class='ocrx_word' id='word_1_203' title='bbox 303 3016 375 3094; x_wconf 91' lang='lat' dir='ltr'>quod</span> <span class='ocrx_word' id='word_1_204' title='bbox 393 3038 440 3073; x_wconf 87' lang='lat' dir='ltr'>eae</span> <span class='ocrx_word' id='word_1_205' title='bbox 458 3015 563 3072; x_wconf 85' lang='lat' dir='ltr'>divinae</span> <span class='ocrx_word' id='word_1_206' title='bbox 586 3017 690 3092; x_wconf 84' lang='lat' dir='ltr'>species</span> <span class='ocrx_word' id='word_1_207' title='bbox 715 3036 782 3091; x_wconf 87' lang='lat' dir='ltr'>quae</span> <span class='ocrx_word' id='word_1_208' title='bbox 805 3016 902 3072; x_wconf 85' lang='lat' dir='ltr'>adsunt</span> <span class='ocrx_word' id='word_1_209' title='bbox 925 3019 1078 3096; x_wconf 80' lang='lat' dir='ltr'><strong>conspicuis</strong></span> <span class='ocrx_word' id='word_1_210' title='bbox 1101 3017 1215 3073; x_wconf 86' lang='lat' dir='ltr'>deorum</span> 
     </span>
     <span class='ocr_line' id='line_1_25' title="bbox 161 3101 1215 3183; baseline -0.005 -21"><span class='ocrx_word' id='word_1_211' title='bbox 161 3105 329 3183; x_wconf 82' lang='lat' dir='ltr'>corporibus,</span> <span class='ocrx_word' id='word_1_212' title='bbox 347 3107 491 3181; x_wconf 89' lang='lat' dir='ltr'>separatim</span> <span class='ocrx_word' id='word_1_213' title='bbox 513 3105 630 3160; x_wconf 83' lang='lat' dir='ltr'>existunt</span> <span class='ocrx_word' id='word_1_214' title='bbox 652 3111 713 3158; x_wconf 91' lang='lat' dir='ltr'>ante</span> <span class='ocrx_word' id='word_1_215' title='bbox 729 3101 782 3165; x_wconf 61' lang='lat' dir='ltr'>&gt;illa</span> <span class='ocrx_word' id='word_1_216' title='bbox 800 3123 926 3180; x_wconf 90' lang='lat' dir='ltr'>corpora,</span> <span class='ocrx_word' id='word_1_217' title='bbox 950 3114 977 3160; x_wconf 88' lang='lat' dir='ltr'>et</span> <span class='ocrx_word' id='word_1_218' title='bbox 1000 3103 1072 3180; x_wconf 90' lang='lat' dir='ltr'>quod</span> <span class='ocrx_word' id='word_1_219' title='bbox 1095 3104 1215 3181; x_wconf 88' lang='lat' dir='ltr'>ipsarum</span> 
     </span>
     <span class='ocr_line' id='line_1_26' title="bbox 161 3189 1215 3269; baseline -0.002 -23"><span class='ocrx_word' id='word_1_220' title='bbox 161 3191 339 3269; x_wconf 77' lang='lat' dir='ltr'>paradigmata</span> <span class='ocrx_word' id='word_1_221' title='bbox 358 3189 543 3266; x_wconf 80' lang='lat' dir='ltr'>intelligibilia,</span> <span class='ocrx_word' id='word_1_222' title='bbox 563 3209 631 3265; x_wconf 90' lang='lat' dir='ltr'>quae</span> <span class='ocrx_word' id='word_1_223' title='bbox 649 3191 813 3266; x_wconf 77' lang='lat' dir='ltr'>impermista</span> <span class='ocrx_word' id='word_1_224' title='bbox 826 3200 894 3246; x_wconf 80' lang='lat' dir='ltr'>aunt</span> <span class='ocrx_word' id='word_1_225' title='bbox 911 3199 939 3246; x_wconf 87' lang='lat' dir='ltr'>ct</span> <span class='ocrx_word' id='word_1_226' title='bbox 950 3189 1167 3268; x_wconf 76' lang='lat' dir='ltr'>supercaelestia,</span> <span class='ocrx_word' id='word_1_227' title='bbox 1185 3191 1215 3245; x_wconf 88' lang='lat' dir='ltr'>iu</span> 
     </span>
     <span class='ocr_line' id='line_1_27' title="bbox 161 3275 1215 3356; baseline -0.003 -22"><span class='ocrx_word' id='word_1_228' title='bbox 161 3299 191 3334; x_wconf 88' lang='lat' dir='ltr'>se</span> <span class='ocrx_word' id='word_1_229' title='bbox 209 3280 277 3356; x_wconf 88' lang='lat' dir='ltr'>ipsis</span> <span class='ocrx_word' id='word_1_230' title='bbox 299 3279 373 3333; x_wconf 87' lang='lat' dir='ltr'>unite</span> <span class='ocrx_word' id='word_1_231' title='bbox 395 3285 553 3354; x_wconf 87' lang='lat' dir='ltr'>permanent</span> <span class='ocrx_word' id='word_1_232' title='bbox 573 3287 601 3333; x_wconf 90' lang='lat' dir='ltr'>et</span> <span class='ocrx_word' id='word_1_233' title='bbox 624 3284 681 3331; x_wconf 83' lang='lat' dir='ltr'>tota</span> <span class='ocrx_word' id='word_1_234' title='bbox 702 3275 781 3332; x_wconf 89' lang='lat' dir='ltr'>simul</span> <span class='ocrx_word' id='word_1_235' title='bbox 806 3279 878 3335; x_wconf 82' lang='lat' dir='ltr'>iuxta</span> <span class='ocrx_word' id='word_1_236' title='bbox 900 3297 976 3335; x_wconf 87' lang='lat' dir='ltr'>suam</span> <span class='ocrx_word' id='word_1_237' title='bbox 998 3287 1132 3334; x_wconf 82' lang='lat' dir='ltr'>aeternam</span> <span class='ocrx_word' id='word_1_238' title='bbox 1151 3277 1215 3331; x_wconf 90' lang='lat' dir='ltr'>emi·</span> 
     </span>
     <span class='ocr_line' id='line_1_28' title="bbox 161 3366 288 3448; baseline -0.016 -26"><span class='ocrx_word' id='word_1_239' title='bbox 161 3366 288 3448; x_wconf 62' lang='lat' dir='ltr'>centiam</span> 
     </span>
    </p>

    <p class='ocr_par' dir='ltr' id='par_1_6' title="bbox 160 3448 1215 4308">
     <span class='ocr_line' id='line_1_29' title="bbox 230 3448 1213 3528; baseline -0.003 -21"><span class='ocrx_word' id='word_1_240' title='bbox 230 3453 281 3508; x_wconf 85' lang='lat' dir='ltr'>Est</span> <span class='ocrx_word' id='word_1_241' title='bbox 302 3453 383 3528; x_wconf 87' lang='lat' dir='ltr'>igitur</span> <span class='ocrx_word' id='word_1_242' title='bbox 405 3470 485 3506; x_wconf 90' lang='lat' dir='ltr'>uuum</span> <span class='ocrx_word' id='word_1_243' title='bbox 508 3469 648 3506; x_wconf 91' lang='lat' dir='ltr'>commune</span> <span class='ocrx_word' id='word_1_244' title='bbox 675 3459 702 3505; x_wconf 88' lang='lat' dir='ltr'>et</span> <span class='ocrx_word' id='word_1_245' title='bbox 723 3448 911 3507; x_wconf 82' lang='lat' dir='ltr'>indissolubile</span> <span class='ocrx_word' id='word_1_246' title='bbox 931 3449 1067 3507; x_wconf 86' lang='lat' dir='ltr'>vinculum</span> <span class='ocrx_word' id='word_1_247' title='bbox 1089 3451 1159 3504; x_wconf 89' lang='lat' dir='ltr'>inter</span> <span class='ocrx_word' id='word_1_248' title='bbox 1182 3469 1213 3504; x_wconf 85' lang='lat' dir='ltr'>ea</span> 
     </span>
     <span class='ocr_line' id='line_1_30' title="bbox 160 3537 1215 3616; baseline 0.002 -22"><span class='ocrx_word' id='word_1_249' title='bbox 160 3558 243 3616; x_wconf 89' lang='lat' dir='ltr'>penes</span> <span class='ocrx_word' id='word_1_250' title='bbox 261 3537 456 3595; x_wconf 78' lang='lat' dir='ltr'>intellectuales</span> <span class='ocrx_word' id='word_1_251' title='bbox 474 3538 652 3614; x_wconf 83' lang='lat' dir='ltr'>operationes,</span> <span class='ocrx_word' id='word_1_252' title='bbox 671 3555 723 3611; x_wconf 91' lang='lat' dir='ltr'>qno</span> <span class='ocrx_word' id='word_1_253' title='bbox 742 3546 821 3614; x_wconf 86' lang='lat' dir='ltr'>pacto</span> <span class='ocrx_word' id='word_1_254' title='bbox 840 3546 882 3592; x_wconf 84' lang='lat' dir='ltr'>est</span> <span class='ocrx_word' id='word_1_255' title='bbox 900 3546 927 3593; x_wconf 89' lang='lat' dir='ltr'>et</span> <span class='ocrx_word' id='word_1_256' title='bbox 945 3557 1028 3614; x_wconf 88' lang='lat' dir='ltr'>penes</span> <span class='ocrx_word' id='word_1_257' title='bbox 1046 3554 1215 3596; x_wconf 75' lang='lat' dir='ltr'>communem</span> 
     </span>
     <span class='ocr_line' id='line_1_31' title="bbox 161 3620 1214 3703; baseline -0.003 -23"><span class='ocrx_word' id='word_1_258' title='bbox 161 3627 190 3680; x_wconf 91' lang='lat' dir='ltr'>in</span> <span class='ocrx_word' id='word_1_259' title='bbox 208 3624 349 3701; x_wconf 82' lang='lat' dir='ltr'>speciebus</span> <span class='ocrx_word' id='word_1_260' title='bbox 367 3623 559 3703; x_wconf 85' lang='lat' dir='ltr'>participandis</span> <span class='ocrx_word' id='word_1_261' title='bbox 577 3625 715 3690; x_wconf 81' lang='lat' dir='ltr'>rationem,</span> <span class='ocrx_word' id='word_1_262' title='bbox 735 3625 860 3699; x_wconf 89' lang='lat' dir='ltr'>quoniam</span> <span class='ocrx_word' id='word_1_263' title='bbox 877 3622 944 3682; x_wconf 88' lang='lat' dir='ltr'>nibil</span> <span class='ocrx_word' id='word_1_264' title='bbox 962 3622 1089 3700; x_wconf 88' lang='lat' dir='ltr'>estquod</span> <span class='ocrx_word' id='word_1_265' title='bbox 1101 3641 1146 3678; x_wconf 86' lang='lat' dir='ltr'>cas</span> <span class='ocrx_word' id='word_1_266' title='bbox 1159 3620 1214 3677; x_wconf 91' lang='lat' dir='ltr'>dis·</span> 
     </span>
     <span class='ocr_line' id='line_1_32' title="bbox 160 3706 1214 3787; baseline -0.001 -21"><span class='ocrx_word' id='word_1_267' title='bbox 160 3712 294 3778; x_wconf 88' lang='lat' dir='ltr'>terminet,</span> <span class='ocrx_word' id='word_1_268' title='bbox 312 3731 398 3787; x_wconf 87' lang='lat' dir='ltr'>neque</span> <span class='ocrx_word' id='word_1_269' title='bbox 416 3721 458 3767; x_wconf 91' lang='lat' dir='ltr'>est</span> <span class='ocrx_word' id='word_1_270' title='bbox 475 3709 610 3767; x_wconf 87' lang='lat' dir='ltr'>intervalli</span> <span class='ocrx_word' id='word_1_271' title='bbox 623 3709 767 3786; x_wconf 85' lang='lat' dir='ltr'>quidquam</span> <span class='ocrx_word' id='word_1_272' title='bbox 779 3711 919 3767; x_wconf 78' lang='lat' dir='ltr'>intereas:</span> <span class='ocrx_word' id='word_1_273' title='bbox 936 3712 1018 3767; x_wconf 87' lang='lat' dir='ltr'>immo</span> <span class='ocrx_word' id='word_1_274' title='bbox 1029 3706 1214 3767; x_wconf 84' lang='lat' dir='ltr'>immaterialis</span> 
     </span>
     <span class='ocr_line' id='line_1_33' title="bbox 160 3796 1213 3874; baseline -0.003 -20"><span class='ocrx_word' id='word_1_275' title='bbox 160 3799 372 3872; x_wconf 85' lang='lat' dir='ltr'>incorporeaque</span> <span class='ocrx_word' id='word_1_276' title='bbox 388 3797 546 3865; x_wconf 82' lang='lat' dir='ltr'>substantia,</span> <span class='ocrx_word' id='word_1_277' title='bbox 570 3799 670 3874; x_wconf 90' lang='lat' dir='ltr'>quippe</span> <span class='ocrx_word' id='word_1_278' title='bbox 688 3816 756 3871; x_wconf 87' lang='lat' dir='ltr'>quae</span> <span class='ocrx_word' id='word_1_279' title='bbox 773 3816 860 3873; x_wconf 84' lang='lat' dir='ltr'>aeque</span> <span class='ocrx_word' id='word_1_280' title='bbox 882 3796 951 3854; x_wconf 89' lang='lat' dir='ltr'>loeia</span> <span class='ocrx_word' id='word_1_281' title='bbox 975 3817 1063 3874; x_wconf 89' lang='lat' dir='ltr'>neque</span> <span class='ocrx_word' id='word_1_282' title='bbox 1083 3796 1213 3853; x_wconf 80' lang='lat' dir='ltr'>subiectis</span> 
     </span>
     <span class='ocr_line' id='line_1_34' title="bbox 161 3881 1214 3960; baseline -0.001 -21"><span class='ocrx_word' id='word_1_283' title='bbox 161 3881 337 3948; x_wconf 87' lang='lat' dir='ltr'>distrahatur,</span> <span class='ocrx_word' id='word_1_284' title='bbox 359 3902 446 3958; x_wconf 88' lang='lat' dir='ltr'>neque</span> <span class='ocrx_word' id='word_1_285' title='bbox 467 3882 671 3960; x_wconf 89' lang='lat' dir='ltr'>particularibus</span> <span class='ocrx_word' id='word_1_286' title='bbox 693 3884 808 3960; x_wconf 88' lang='lat' dir='ltr'>partium</span> <span class='ocrx_word' id='word_1_287' title='bbox 831 3883 1123 3960; x_wconf 88' lang='lat' dir='ltr'>circumscriptionibus</span> <span class='ocrx_word' id='word_1_288' title='bbox 1144 3881 1214 3938; x_wconf 80' lang='lat' dir='ltr'>linai·</span> 
     </span>
     <span class='ocr_line' id='line_1_35' title="bbox 161 3969 1213 4045; baseline -0.004 -18"><span class='ocrx_word' id='word_1_289' title='bbox 161 3980 241 4037; x_wconf 87' lang='lat' dir='ltr'>tetur,</span> <span class='ocrx_word' id='word_1_290' title='bbox 260 3969 319 4045; x_wconf 87' lang='lat' dir='ltr'>ipsa</span> <span class='ocrx_word' id='word_1_291' title='bbox 336 3969 461 4023; x_wconf 88' lang='lat' dir='ltr'>continuo</span> <span class='ocrx_word' id='word_1_292' title='bbox 480 3972 623 4038; x_wconf 89' lang='lat' dir='ltr'>concurrit,</span> <span class='ocrx_word' id='word_1_293' title='bbox 647 3979 674 4026; x_wconf 88' lang='lat' dir='ltr'>et</span> <span class='ocrx_word' id='word_1_294' title='bbox 692 3972 720 4024; x_wconf 91' lang='lat' dir='ltr'>in</span> <span class='ocrx_word' id='word_1_295' title='bbox 737 3969 877 4027; x_wconf 89' lang='lat' dir='ltr'>identitate</span> <span class='ocrx_word' id='word_1_296' title='bbox 894 3969 1035 4038; x_wconf 83' lang='lat' dir='ltr'>coalescit3</span> <span class='ocrx_word' id='word_1_297' title='bbox 1058 3980 1114 4026; x_wconf 87' lang='lat' dir='ltr'>tum</span> <span class='ocrx_word' id='word_1_298' title='bbox 1131 3971 1213 4024; x_wconf 88' lang='lat' dir='ltr'>etiam</span> 
     </span>
     <span class='ocr_line' id='line_1_36' title="bbox 161 4051 1213 4135; baseline 0 -22"><span class='ocrx_word' id='word_1_299' title='bbox 161 4074 306 4135; x_wconf 78' lang='lat' dir='ltr'>processus</span> <span class='ocrx_word' id='word_1_300' title='bbox 330 4051 377 4109; x_wconf 91' lang='lat' dir='ltr'>ille</span> <span class='ocrx_word' id='word_1_301' title='bbox 401 4056 518 4111; x_wconf 89' lang='lat' dir='ltr'>omnium</span> <span class='ocrx_word' id='word_1_302' title='bbox 540 4055 574 4111; x_wconf 89' lang='lat' dir='ltr'>ab</span> <span class='ocrx_word' id='word_1_303' title='bbox 591 4076 643 4112; x_wconf 92' lang='lat' dir='ltr'>uno</span> <span class='ocrx_word' id='word_1_304' title='bbox 662 4067 690 4113; x_wconf 87' lang='lat' dir='ltr'>et</span> <span class='ocrx_word' id='word_1_305' title='bbox 707 4059 736 4117; x_wconf 88' lang='lat' dir='ltr'>iu</span> <span class='ocrx_word' id='word_1_306' title='bbox 756 4077 839 4114; x_wconf 89' lang='lat' dir='ltr'>uuum</span> <span class='ocrx_word' id='word_1_307' title='bbox 861 4077 997 4124; x_wconf 86' lang='lat' dir='ltr'>recursus,</span> <span class='ocrx_word' id='word_1_308' title='bbox 1022 4067 1050 4114; x_wconf 89' lang='lat' dir='ltr'>et</span> <span class='ocrx_word' id='word_1_309' title='bbox 1069 4057 1213 4134; x_wconf 82' lang='lat' dir='ltr'>imperium</span> 
     </span>
     <span class='ocr_line' id='line_1_37' title="bbox 162 4142 1212 4222; baseline 0 -22"><span class='ocrx_word' id='word_1_310' title='bbox 162 4146 239 4200; x_wconf 84' lang='lat' dir='ltr'>unius</span> <span class='ocrx_word' id='word_1_311' title='bbox 262 4161 343 4218; x_wconf 88' lang='lat' dir='ltr'>super</span> <span class='ocrx_word' id='word_1_312' title='bbox 366 4142 452 4196; x_wconf 88' lang='lat' dir='ltr'>omnia</span> <span class='ocrx_word' id='word_1_313' title='bbox 476 4145 686 4201; x_wconf 87' lang='lat' dir='ltr'>communionem</span> <span class='ocrx_word' id='word_1_314' title='bbox 708 4155 827 4222; x_wconf 86' lang='lat' dir='ltr'>praestat</span> <span class='ocrx_word' id='word_1_315' title='bbox 848 4147 919 4202; x_wconf 82' lang='lat' dir='ltr'>iuter</span> <span class='ocrx_word' id='word_1_316' title='bbox 941 4145 1008 4202; x_wconf 86' lang='lat' dir='ltr'>deos</span> <span class='ocrx_word' id='word_1_317' title='bbox 1030 4145 1077 4220; x_wconf 89' lang='lat' dir='ltr'>qui</span> <span class='ocrx_word' id='word_1_318' title='bbox 1099 4151 1163 4205; x_wconf 81' lang='lat' dir='ltr'>suut</span> <span class='ocrx_word' id='word_1_319' title='bbox 1184 4144 1212 4200; x_wconf 85' lang='lat' dir='ltr'>in</span> 
     </span>
     <span class='ocr_line' id='line_1_38' title="bbox 163 4227 819 4308; baseline -0.002 -21"><span class='ocrx_word' id='word_1_320' title='bbox 163 4229 215 4287; x_wconf 82' lang='lat' dir='ltr'>hoc</span> <span class='ocrx_word' id='word_1_321' title='bbox 233 4227 332 4286; x_wconf 89' lang='lat' dir='ltr'>mundo</span> <span class='ocrx_word' id='word_1_322' title='bbox 350 4237 377 4285; x_wconf 91' lang='lat' dir='ltr'>et</span> <span class='ocrx_word' id='word_1_323' title='bbox 395 4247 443 4285; x_wconf 85' lang='lat' dir='ltr'>eos</span> <span class='ocrx_word' id='word_1_324' title='bbox 461 4229 507 4304; x_wconf 92' lang='lat' dir='ltr'>qui</span> <span class='ocrx_word' id='word_1_325' title='bbox 525 4230 633 4285; x_wconf 88' lang='lat' dir='ltr'>suntin</span> <span class='ocrx_word' id='word_1_326' title='bbox 650 4229 819 4308; x_wconf 76' lang='lat' dir='ltr'>intelligibili.</span> 
     </span>
    </p>
   </div>
   <div class='ocr_carea' id='block_1_5' title="bbox 0 0 1392 4876">
    <p class='ocr_par' dir='ltr' id='par_1_7' title="bbox 0 0 1392 4876">
     <span class='ocr_line' id='line_1_39' title="bbox 0 0 1392 4876; baseline 0 0"><span class='ocrx_word' id='word_1_327' title='bbox 0 0 1392 4876; x_wconf 95' lang='lat' dir='ltr'> </span> 
     </span>
    </p>
   </div>
  </div>
 </body>
</html>
