2776 4876
205 345 257 399 lio
1206 345 1259 407 Μ

205 497 280 570 οὔτε
302 497 408 576 ἄλλως
431 499 590 576 ὁπωσοῦν,
614 496 682 564 οὐδ’
701 496 784 576 ὅλως
798 502 1049 586 ἐπιστρέφουσιν
1065 505 1109 575 είς
1123 496 1260 576 ίαυτοῦς

206 610 266 696 τὴν
288 615 411 679 οίκείαν
434 609 572 689 σύνεσιν,
594 608 662 677 οὐδ’
682 613 769 676 ἐστιν
793 607 911 690 ἥντινα
934 611 1022 676 ἰδίαν
1045 613 1166 694 γνῶσιν
1180 633 1261 694 προ-
1336 635 1339 639 ’

205 722 373 808 βάλλουσι.
1279 738 1294 789 3

299 832 482 920 Τεκμήριον
505 836 539 900 δέ
561 841 731 918 μέγιστον·
753 834 873 899 πολλοὶ
886 829 950 919 γὰρ
965 837 1021 899 καὶ
1035 828 1138 917 πυρὸς
1156 853 1260 919 προσ-

206 953 390 1040 φερομένου
412 945 452 1013 οῦ
473 949 634 1023 καίονται,
658 944 717 1031 οὐχ
740 944 927 1028 ἁπτομένου
948 947 1008 1010 τοῦ
1029 940 1133 1028 πυρὸς
1149 943 1261 1010 αὐτῶν

206 1055 262 1128 δια
285 1054 346 1140 τὴν
368 1060 471 1124 θείαν
492 1059 682 1122 ἐπίπνοιαν·
705 1058 824 1123 πολλοὶ
847 1057 881 1121 δέ
903 1052 1073 1140 καιόμενοι
1094 1055 1154 1122 οὐκ
1168 1054 1295 1126 ἀντι-6

206 1168 446 1257 λαμβάνονται,
470 1166 553 1234 διότι
576 1167 615 1234 οὐ
630 1163 690 1248 τὴν
706 1171 764 1235 τοῦ
780 1163 864 1248 ζώου
878 1162 965 1248 ζωὴν
978 1167 1056 1247 ζῶσι
1069 1169 1260 1248 τηνικαῦτα.

206 1285 262 1349 καί
286 1285 399 1366 οἱμὲν
422 1283 648 1366 διαπείραντες
670 1274 805 1362 ὀβελοῦς
827 1278 887 1346 αῦκ
915 1275 1201 1345 ἐπαισθάυονται·
1230 1284 1262 1344 oi

207 1394 241 1460 δὲ
263 1396 404 1469 πελέκεις
425 1388 717 1477 προσαράσσοντες
739 1401 809 1467 τοῖς
830 1389 954 1467 νώτοις,
983 1394 1015 1456 οἱ
1038 1390 1072 1456 δέ
1095 1393 1151 1456 καὶ
1173 1389 1296 1480 §open

207 1506 290 1581 δίοις
301 1500 361 1579 τὰς
372 1502 494 1579 ὠλένας
504 1509 760 1587 κατατέμνοντες
772 1499 924 1585 οὐδαμῶς
934 1503 1260 1587 παρακολουθοῦσιν.

207 1620 246 1682 αἴ
265 1639 302 1681 τε
324 1621 481 1697 ἐνέργειαι
503 1612 612 1679 αὐτῶν
633 1611 788 1696 οὐδαμῶς
810 1615 892 1678 είσὶν
914 1609 1135 1698 ἀνθρώπιναι,
1163 1610 1206 1677 τά
1226 1635 1262 1677 τι

206 1725 271 1812 γὰρ
292 1722 406 1809 ἄβατα
427 1721 518 1807 βατολ
537 1727 663 1807 γίνεται
683 1727 969 1813 θεοφορουμένοις
989 1728 1046 1790 καὶ
1063 1730 1106 1801 είς
1120 1726 1185 1810 πῦρ
1202 1730 1261 1813 ‹pi-
1281 1735 1313 1784 12

208 1859 323 1923 ρονται
343 1840 400 1902 καὶ
422 1839 487 1920 πῦρ
509 1832 767 1922 διαπορεύονται
788 1838 843 1899 καὶ
866 1833 1037 1919 ποταμοὺς
1056 1837 1262 1923 διαπερῶσιν,

208 1944 359 2032 ὥσπερὴ
389 1953 424 2012 ἐν
446 1944 705 2030 Κασταβοίλλοις
734 1949 843 2030 ἱέρεια.
889 1940 956 2011 ἀπὸ
985 1947 1019 2012 δέ
1047 1944 1174 2012 τοῦτον
1195 1948 1262 2012 δεί-

207 2081 329 2138 κνυται,
351 2057 395 2137 ὡς
410 2056 450 2123 οὐ
464 2060 781 2144 παρακολουθοῦσιν
795 2061 924 2133 ἑαυτοῖς
939 2059 1184 2135 ἐνθουσιῶντες,
1207 2061 1263 2124 καὶ
1283 2072 1314 2123 ¹⁵

208 2165 261 2236 ὅτι
283 2165 357 2236 σῦτε
378 2165 440 2250 τὴν
463 2167 683 2253 ἀνθρωπίνην
707 2163 780 2234 orire
804 2164 864 2247 τὴν
886 2169 945 2234 τοῦ
966 2164 1052 2247 ζώου
1073 2167 1159 2248 ζωὴν
1184 2169 1264 2249 ζῶσι

207 2279 280 2347 κατ’
299 2280 463 2361 αἴσθησιν
485 2274 507 2360 ἢ
530 2277 650 2364 ὁρμήν,
679 2274 783 2358 ἄλλην
807 2281 840 2342 δέ
871 2284 945 2343 τινα
974 2281 1150 2366 θειοτέραν
1178 2275 1265 2360 ζωὴν

280 2508 303 2558 1.
331 2507 426 2573 ἑαυτὴν
444 2507 475 2558 Β.
549 2508 574 2556 'i-
605 2507 652 2556 τοῦ
671 2525 720 2556 om.
741 2504 773 2556 0.
851 2505 876 2556 8.
905 2505 1091 2574 διαπιίρσνντας
1111 2504 1143 2556 Ο.
1165 2498 1177 2572 ΙΙ
1199 2500 1264 2571 ὀβο-

279 2591 409 2650 oniam).
446 2595 471 2645 9.
490 2588 788 2688 προσαρῤάσσαντεςλ,
803 2587 1071 2661 πρασορσέσανιιςΙ).
1109 2591 1151 2643 10.
1173 2612 1264 2660 παροι-

279 2675 517 2744 κσλουθοῦν’σι]
498 2696 532 2727 sro
551 2676 614 2738 ΑΙ),
642 2673 943 2729 κατακολουθοῦσινΟ.
1034 2679 1076 2729 12.
1105 2677 1264 2758 θεοφοροί-

279 2783 346 2831 μονα
371 2763 473 2816 ABCD.
612 2763 652 2814 14.
680 2760 714 2830 ἡ]
735 2767 761 2814 ολ
779 2762 837 2813 BD.
859 2756 919 2828 ΙΙολ
936 2767 960 2813 ἐν
948 2762 1198 2842 νΚοιστοιβαλοιςἰ
1188 2771 1264 2834 ιερεῖς

280 2867 364 2912 mergo
384 2849 413 2899 B.
435 2843 448 2915 ΙΙ
468 2846 641 2914 καταβιλλλοις
662 2848 712 2900 AC.
734 2843 747 2915 ΙΙ
769 2853 795 2899 ἐν
814 2851 870 2906 τοῖς
883 2845 1073 2916 Κασταβολλοις
1092 2852 1148 2904 emi
1165 2850 1197 2903 τό
1217 2847 1265 2917 τῆς

281 2934 418 3003 Περασίας
433 2928 586 3003 Ἀρτέμιδος
605 2931 720 3002 ἱερόν,
706 2954 774 2986 σπου
798 2937 865 3000 φασί
888 2933 938 2992 τοὶς
962 2937 1056 3005 ἱερείας
1078 2940 1185 3002 γυμνοῖς
1209 2942 1265 2993 τοῖς

280 3021 344 3072 ποσί
363 3013 400 3069 δι’
415 3013 567 3088 ἀνθρακιᾶς
585 3020 699 3084 βαδίζειν
718 3015 843 3078 ἀπαθεῖς.
873 3021 954 3071 Strsb.
974 3021 1034 3072 5³7.
1095 3023 1096 3027 ’

208 3286 323 3347 prorsus
341 3266 432 3333 modo,
451 3285 537 3342 neque
555 3265 698 3322 reflectunt
715 3268 743 3321 in
761 3286 792 3322 se
810 3269 884 3343 ipsos
902 3267 1039 3343 propriam
1055 3263 1264 3341 intelligentium,

208 3374 295 3431 neque
311 3362 440 3432 promunt
457 3354 637 3429 cognitionem
656 3372 703 3408 sua
722 3361 826 3430 sponte.

278 3439 351 3496 Haeo
369 3441 405 3494 its
425 3457 485 3494 esse
503 3437 571 3494 illud
589 3439 740 3494 certissimo
759 3439 796 3494 sit
813 3435 927 3494 indicio.
946 3435 1024 3493 multi
1040 3435 1168 3492 divinitus
1180 3436 1265 3492 afflati

209 3525 323 3582 admotis
342 3525 448 3600 ignibus
466 3543 520 3579 non
539 3534 659 3592 uruntur,
677 3523 744 3580 deus
763 3526 834 3580 enim
845 3526 918 3579 intus
930 3522 1023 3578 afflans
1034 3524 1123 3599 ignem
1134 3540 1187 3578 non
1200 3523 1266 3578 sinit

209 3612 346 3686 attingere,
365 3610 442 3668 multi
460 3612 557 3667 iterum
573 3611 681 3666 etiamsi
698 3619 816 3677 urentur,
834 3607 903 3664 mhrl
912 3611 1121 3686 persentiscunt
1140 3609 1266 3684 qnoniam

209 3705 275 3752 mue
293 3697 423 3772 temporis
444 3699 527 3752 ritem
550 3714 605 3751 nou
629 3696 724 3750 vivunt
746 3694 893 3752 animalem.
942 3695 988 3752 ulii
1010 3694 1121 3751 sinubus
1143 3693 1266 3748 transfixi

210 3797 264 3837 nou
280 3783 408 3848 sentiunt,
427 3781 497 3837 ulii
489 3802 517 3838 m
536 3791 610 3858 tergo
626 3780 767 3836 securibus
784 3784 908 3858 percussi
926 3780 971 3837 alii
987 3778 1106 3836 braohiis
1124 3777 1266 3836 lancinatis

210 3863 320 3923 cultello
337 3865 405 3921 nihil
423 3865 643 3923 animadvertunt.
691 3866 740 3922 sed
759 3877 786 3922 ei
803 3886 896 3923 eorum
914 3869 1034 3923 actiones
1054 3884 1109 3920 uon
1133 3873 1196 3920 sunt
1213 3883 1267 3919 um·

209 3951 281 4030 plius
300 3949 437 4018 hnmanae,
457 3951 500 4007 dei
518 3954 589 4008 enim
608 3951 697 4008 efflatu
711 3955 786 4010 ,vecti
805 3955 875 4009 viam
892 3973 942 4031 per
959 3952 1018 4010 loce
1030 3953 1102 4008 insin
1118 3952 1265 4017 inveniam,

210 4041 238 4094 iu
262 4039 353 4114 ignem
375 4034 496 4092 feruntur
517 4036 618 4104 illaesi,
643 4041 732 4114 ignem
754 4038 869 4106 caleant,
892 4037 1135 4096 fluviosmiriiioe
1150 4045 1266 4101 manuni,

210 4122 433 4202 quemadmodum
450 4120 514 4177 iuuit
531 4123 657 4179 sacerdos
680 4126 708 4179 iu
725 4123 887 4181 Castabalis.
936 4135 1016 4200 eoque
1032 4142 1084 4201 per
1107 4122 1159 4179 hoe
1177 4131 1269 4178 osten·

211 4227 269 4266 sum
287 4219 340 4276 est,
366 4207 439 4285 quod
457 4206 538 4262 afflati
556 4227 611 4262 uon
629 4208 780 4285 inuslligunt
797 4229 860 4266 suas
880 4212 1062 4286 operationes,
1084 4207 1161 4283 quod
1178 4224 1268 4282 usque
