2776 4876
172 488 413 554 συγκεκροτημένων
431 484 492 548 229,
506 487 548 538 10.
562 488 603 539 11.

173 569 378 642 συγκεκρότηται
398 570 456 635 171,
472 570 512 624 18.

172 665 330 727 συγκινεῖται
342 666 402 718 ταῖς
414 660 526 718 θυσίαις
543 660 604 724 209,
617 661 642 713 3.
648 662 673 713 4.

171 750 321 815 συγκίνησιν
358 745 472 814 φυσικῶν
510 743 645 817 δυνάμεων

205 832 267 895 288,
287 834 312 886 5.

170 924 321 989 συγκίνησις
346 918 405 982 138,
417 918 442 970 2.

169 1005 313 1078 σύγκρασιν
336 1001 389 1074 ἀφ’
406 1006 505 1058 ἑαυτοῦ
522 1008 565 1058 ἐπὶ
584 1005 673 1059 πάντα

207 1095 247 1155 19,
264 1093 289 1145 3.

169 1178 338 1249 συγχεῑταιή
358 1179 476 1237 διάταξις
497 1178 537 1241 14,
551 1178 574 1231 7.

168 1272 347 1338 συγχωρητέον
370 1264 486 1327 22214.

167 1355 312 1424 συλλήβδην
329 1352 373 1415 89,
385 1353 418 1414 5,
436 1379 470 1390 -
489 1350 574 1421 φάναι
592 1350 670 1413 85,1.

167 1438 389 1509 συλλογισῶμεθα
409 1437 523 1501 193,12.

167 1530 310 1597 συμβέβηκε
329 1529 390 1596 περὶ
407 1523 577 1587 277,13.14.

167 1611 328 1684 συμβολικῶς
346 1616 506 1682 ἐμφαίνουσι
526 1610 585 1674 136,
599 1610 659 1662 m.

167 1718 301 1787 συμβόλων
319 1711 477 1787 ἀπορρήτων
497 1711 668 1778 184,11.12;

204 1833 234 1843 ·-
254 1799 412 1873 ιῖφθέγκτων
433 1799 532 1863 96,19.

167 1921 349 1984 συμμαρτυρεῖ
366 1912 428 1974 251,
443 1911 482 1962 16.

166 2022 437 2096 συμμεταβάλλεσθαι
465 2020 595 2090 διαφοράς
620 2020 667 2070 τῶν

200 2112 329 2182 σωμάτων
347 2106 445 2170 24,10.

164 2226 318 2290 συμμέτρως
335 2215 453 2278 285,13.

165 2303 374 2376 συμμιγνύμενον
393 2297 490 2370 οἷμιγῶς
511 2298 607 2363 19,12.

164 2395 357 2462 συμμίγνυνται
374 2384 527 2458 άνθρῶντοις
544 2386 588 2450 28,
600 2386 624 2438 8.

164 2483 342 2550 συμμίγνυται
359 2476 425 2547 πρὸς
447 2473 509 2536 248,
522 2474 547 2525 4.

163 2568 308 2637 σύμμικτον
326 2560 382 2616 άπὸ
401 2560 496 2625 78,14ι

164 2654 286 2724 σύμμίξει
303 2654 348 2703 καί
365 2649 459 2721 κρούσει
479 2646 537 2709 192,
550 2643 575 2696 8.

162 2745 297 2811 συμμίξεις
310 2737 376 2808 πρὸς
388 2735 437 2804 τήν
449 2739 546 2803 γένεσιν
567 2732 624 2796 197,
638 2732 663 2784 8.

162 2825 282 2897 σύμμιξιν·
302 2822 453 2894 σύμμετρον
472 2819 569 2884 17,12.

69 2950 72 2955 -
161 2916 325 2985 συμμιχθείη
343 2909 409 2980 πρὸς
426 2907 552 2970 203,4.5.

162 2997 274 3071 συμμύει
294 2996 353 3060 104,
365 2999 390 3047 5.

162 3085 337 3156 συμπάθειαν
354 3081 475 3150 207,14;
497 3109 528 3119 -—
553 3078 571 3148 ή
588 3078 662 3134 ῶντι-

196 3173 318 3226 πάθειαν
337 3170 398 3232 210,
412 3170 451 3220 15.
465 3167 504 3221 16.

160 3257 311 3330 συμπαθῶς
331 3257 442 3323 193,17.

160 3348 395 3417 συμπεφορημένον
415 3343 474 3405 151,
488 3341 529 3393 15.

159 3433 365 3505 συμπεφόρηται
384 3427 499 3494 171,16.

159 3522 362 3590 συμπλακέντων
387 3515 454 3587 πρδς
476 3514 509 3565 τὸ
532 3510 660 3586 οἷόριστον

193 3605 295 3669 35,17.

159 3695 299 3760 συμπλέκει
328 3694 425 3748 λίθους
459 3689 575 3754 βοτάνας
605 3689 658 3751 ζῶα

164 3798 167 3803 ’
193 3776 323 3849 άριύματα
340 3776 402 3838 233,
418 3776 457 3827 12.
470 3776 510 3827 13.

158 3865 367 3935 συμπλεκόμεναι
401 3861 435 3934 τῇ
478 3867 574 3930 γενέσει
608 3861 659 3915 τοῦ

192 3949 294 4020 κόσμου
330 3950 392 4013 270,
409 3949 434 4000 2.

158 4036 344 4110 συμπλήρωσιν
367 4037 411 4102 20,
425 4037 455 4103 8;
479 4063 513 4077 ·-
535 4033 585 4087 τῶν
603 4041 657 4087 θυ-

192 4127 253 4179 σιῶν
273 4124 335 4188 231,
349 4124 374 4177 7.

157 4213 294 4281 συμπλοκή
313 4207 457 4272 ἆδιάλυτος
480 4208 657 4274 184,17.18;

1176 334 1230 388 323

761 520 791 529 -
811 492 948 560 μονοειδής
966 490 991 557 8,
1004 491 1036 560 63
1052 520 1082 532 -·
1101 493 1168 565 πρὸς
1184 494 1230 559 32,

760 574 803 627 13.

724 659 859 730 σύμπνοια
876 667 922 716 καὶ
939 668 1075 736 συνίργεια
1092 664 1210 730 240,11.

723 747 966 821 συμπρογιγνιύσκει
982 751 1101 815 244,10.

722 836 846 906 συμφυής
863 838 951 896 ένωσις
968 836 1012 899 59,
1025 837 1050 890 7.

722 923 852 994 συμφέρει
870 920 961 975 πάντα
979 922 1022 987 95,
1034 923 1060 976 3.

721 1016 869 1078 συμφωνεῖν
891 1014 928 1070 είς
950 1009 1021 1063 θεῶν
1044 1010 1225 1080 οἰκοδομήσας

756 1097 817 1158 234,
829 1097 854 1148 2.
864 1096 891 1148 3.

721 1186 863 1253 συμφωνία
880 1184 931 1234 τῶν
950 1181 1048 1251 ὁμοίων
1072 1181 1188 1247 192,12.

721 1275 875 1340 συμφωνίαν
892 1268 955 1333 287,
967 1269 993 1323 4.

720 1356 864 1427 συμφυένως
884 1355 943 1420 162,
956 1355 988 1422 65
1006 1354 1105 1418 219,1.

719 1443 871 1510 συναγωγὸν
891 1442 1011 1505 195,16;
1040 1441 1156 1506 197,14.

718 1537 848 1587 συναινεῖς
866 1531 991 1600 διαίρεσιν
1010 1527 1110 1593 64,13.

718 1618 875 1686 συναίρεται
892 1616 960 1686 πρὸς
980 1613 1096 1678 181,14.

718 1699 951 1755 συναισθάνονται
970 1701 1030 1764 104,
1043 1700 1068 1753 7.

717 1791 898 1856 συναίσθησιν
915 1791 960 1841 καί
982 1787 1220 1858 παρακολούθησιν

754 1874 870 1937 103,16.

716 1964 915 2015 συνακολουθεῖ
932 1959 993 2022 209,
1006 1959 1031 2013 8.

717 2045 973 2101 συνακολουθούσαν
992 2044 1094 2112 16,14;
1115 2074 1147 2085 -
1167 2043 1220 2115 φύ-

752 2154 792 2187 σιν
811 2133 909 2195 25,11.

716 2217 920 2271 συναλλοιοῦται
936 2226 992 2276 τοῖς
1005 2217 1123 2287 σάμασιν
1141 2218 1217 2281 24,4.

715 2302 916 2376 συναμφότερον
937 2304 995 2366 151,
1011 2303 1104 2356 1314.

715 2394 918 2462 συναμφοτέρου
937 2388 1052 2450 116,14.

714 2479 894 2549 συνανῄρηται
910 2478 972 2540 205,
983 2476 1009 2528 3.

714 2563 843 2620 συνάπτει
860 2565 897 2616 τὰ
914 2568 974 2632 τίλη
986 2571 1046 2622 ταῖς
1057 2557 1153 2633 ἀργαῖς
1170 2560 1213 2624 31,

752 2650 792 2705 16.

712 2735 875 2792 συνάπτεται
898 2736 965 2809 πρδς
992 2731 1214 2803 αύτοτελειὸτητοι

746 2824 790 2888 46,
811 2824 852 2876 14.

711 2917 897 2980 συναπτομένη
913 2911 979 2982 πρὸς
997 2910 1058 2972 201,
1071 2908 1095 2962 7.
1105 2907 1130 2961 8.

712 2998 847 3051 συνάπτον
865 2997 932 3066 πρὸς
950 3004 1006 3056 τοῖς
1023 3002 1100 3052 θεοῖς
1117 2993 1162 3056 57,
1173 2992 1199 3045 3.

711 3088 888 3138 συνάπτουσα
906 3084 977 3135 κατὰ
992 3085 1058 3151 μίαν
1077 3083 1211 3144 συνέχειαν

745 3170 861 3236 24013.

710 3257 868 3330 συναρμόζει
885 3256 952 3328 πρὸς
969 3254 1085 3316 201,11.

709 3345 938 3416 συναρμοζόμενον
956 3341 998 3406 81,
1010 3340 1036 3392 3.

708 3431 915 3504 συναρμόζουσα
932 3426 993 3490 238,
1007 3427 1031 3479 7.

706 3516 918 3590 συναρμοστικὸν
936 3510 1050 3569 συνόδου
1073 3513 1118 3565 καὶ
1140 3529 1208 3580 συμ-

741 3608 852 3675 μετρίας
871 3603 930 3665 196,
942 3602 967 3654 5.

706 3691 826 3749 συναύξει
843 3691 893 3759 τήν
910 3692 1039 3742 οίκείωσνν
1055 3687 1172 3752 235,10.

706 3779 883 3837 συναύξονται
901 3777 961 3839 177,
973 3775 998 3828 9.
1011 3774 1052 3826 10.

706 3864 830 3933 συναφὰς
847 3865 898 3915 τῶν
916 3860 988 3915 θεῶν
1005 3859 1066 3922 239,
1074 3858 1100 3911 3.

706 3949 811 4019 συναφή
834 3950 900 4020 πρὸς
922 3950 953 4002 τὸ
976 3955 1054 4003 θεῖον
1076 3945 1145 4010 8,4;
1173 3972 1204 3984 -

741 4033 793 4088 τῶν
804 4039 942 4104 αἰσθητῶν
953 4033 1026 4091 θεῶν
1038 4033 1103 4104 πρὸς
1121 4029 1164 4094 61,
1173 4029 1204 4093 35

744 4152 773 4162 ·—
793 4121 842 4191 τής
860 4121 1019 4192 οἰκειότητος
1035 4119 1099 4189 πρὸς
1111 4116 1205 4184 έαυτήν

744 4209 804 4274 125,
816 4208 841 4262 ο.

1003 4308 1057 4363 21*
