2776 4876
164 380 181 432 4
1160 375 1190 440 ’1,
1203 380 1215 429 1

165 532 266 600 ὁποῖα
288 535 353 600 τω”ν
380 537 451 601 νυνί
479 538 699 618 προκειμένων
726 529 984 619 προβλημάτων·
1021 526 1088 599 ἀπό
1117 536 1217 598 τίνων

163 670 198 711 τε
220 644 369 727 εἴληπται
389 648 496 712 θείων
524 646 710 729 θεολογιῶν
731 639 774 710 τά
795 640 998 733 ἀπορήματα
1020 645 1217 731 διέλθωμεν,

163 761 220 824 καὶ
241 754 327 824 κατά
348 760 447 835 ποίας
469 753 561 835 τινας
583 752 764 842 ἐπιστήμας
786 757 982 836 ἐπιζητεῖται
1003 750 1065 836 τήν
1087 752 1252 844 πρόελε-1

164 891 217 937 σιν
238 868 347 935 αὐτῶν
368 865 598 952 ποιησώμεθα.

257 977 307 1046 Τά
329 983 389 1065 μὲν
411 971 471 1046 οὖν
492 980 649 1046 ἐπιποθεῖ
670 975 832 1063 διάκρισίν
847 1001 922 1044 τινα
936 982 1001 1047 τῶν
1016 982 1124 1058 κακῶς
1138 1001 1217 1065 συγ-

163 1098 352 1178 κεχυμένων,
375 1089 418 1156 τά
440 1089 558 1157 δ’·ίστὶ
579 1092 654 1175 περὶ
675 1084 737 1170 τήν
752 1095 863 1156 αίτίαν
885 1088 927 1156 δι’
944 1085 987 1171 ήν
1009 1088 1131 1158 ἕκαστοί
1146 1094 1251 1160 ἐστίν

164 1227 206 1282 τε,
229 1201 351 1271 οὕτωσι
372 1207 427 1269 καὶ
450 1213 583 1281 νοεῖται,
605 1196 647 1267 τά
670 1200 700 1266 δ’
720 1200 769 1266 ἐπ’
786 1197 888 1291 άμφω
910 1197 971 1282 τήν
985 1203 1119 1289 γνώμην
1134 1207 1218 1270 ἕλκει

163 1313 236 1380 κατ’
255 1317 447 1382 ἐναντίωσίν
461 1337 536 1379 τινα
551 1309 823 1399 προβαλλόμενα·
853 1316 923 1380 ἔνια
938 1317 974 1380 δὲ
988 1318 1044 1382 καὶ
1058 1312 1120 1396 τήν
1134 1311 1216 1396 ὅλην

164 1425 296 1493 ἀπαιτεῖ
317 1424 396 1512 παρ’
416 1423 509 1509 ήμῶν
530 1427 781 1510 μυσταγωγίαν·
812 1429 949 1492 τοιαῦτα
972 1428 1006 1493 δὲ
1030 1421 1112 1494 ὅντα
1134 1430 1250 1494 πολ-ν

164 1537 311 1625 λαχόθεν
334 1536 484 1616 είληπται
505 1540 561 1603 καὶ
584 1530 650 1601 ἀπό
673 1538 902 1626 διαφερουσῶν
923 1542 1118 1624 ἐπιστημῶν.

190 1698 196 1711 ,
259 1644 308 1714 Τά
330 1651 389 1734 μὲν
410 1644 475 1736 γάρ
498 1646 559 1737 αφ’
579 1639 624 1713 ὧν
647 1651 679 1712 oi
703 1649 885 1714 Χαλδαίων
906 1654 1010 1740 σοφοὶ
1024 1647 1216 1738 παραδεδό-

162 1783 239 1827 κασι
260 1758 320 1836 τάς
349 1756 532 1837 ἐπιστάσεις
559 1755 731 1846 προσάγει.
762 1754 803 1824 τά
825 1759 855 1825 δ’
875 1758 936 1850 ἀφ’
957 1753 1003 1828 ὦν
1025 1764 1216 1846 Αίγυπτίων
1233 1767 1265 1819 1²

163 1877 195 1938 οί
217 1873 387 1962 προφῆται
409 1868 600 1937 διδάσκουσι
620 1881 761 1937 ποιεῖται
782 1867 842 1948 τάς
865 1869 1065 1961 ἀντιλήψεις,
1087 1877 1158 1940 ίνια
1180 1874 1215 1938 δὲ

162 1986 298 2064 καὶτῆς
320 1987 384 2049 τῶν
406 1979 603 2071 φιλοσόφων
624 1984 771 2068 θεωρίας
793 1980 932 2068 ἐχόμενα
960 1979 1021 2063 τάς
1042 1981 1215 2071 ἐρωτήσεις

233 2178 258 2230 1.
285 2175 373 2244 τίνειν]
390 2179 480 2230 τείνων
499 2177 533 2227 D.
603 2178 628 2230 2.
656 2173 804 2242 θεολογιών
822 2196 872 2227 om.
891 2176 938 2226 BD
957 2180 999 2229 sed
1017 2180 1130 2231 lacunam
1150 2179 1213 2230 indi·

232 2258 319 2332 στολή
341 2264 483 2331 θεολογιῶν
499 2299 548 2316 ....
565 2264 602 2316 τά
622 2267 651 2315 Α.
673 2258 686 2332 ΙΙ
707 2283 791 2327 margo
811 2262 831 2312 Β
850 2284 863 2313 a
883 2265 964 2315 Vossii
987 2287 1062 2317 manu
1082 2265 1122 2316 tic
1140 2266 1214 2316 habet

231 2349 338 2420 „interp
354 2349 422 2401 addit
440 2347 592 2417 θεολογιιῖιν.
610 2351 652 2400 sed
672 2354 754 2402 θείειν
772 2349 819 2400 nisi
837 2351 910 2401 folior
926 2351 966 2401 hic
983 2351 1133 2403 sarbotantive
1150 2351 1212 2402 acci-

230 2437 376 2506 piendum.“
396 2429 409 2503 ΙΙ
429 2431 701 2504 τά....άπορήματα
717 2437 777 2499 Reg.
851 2438 876 2489 ³.
904 2439 1016 2505 ἐπιζητεῖ
1031 2458 1061 2490 τε
1081 2438 1112 2489 Β.
1132 2432 1144 2506 ΙΙ
1165 2439 1213 2505 τήν

231 2561 292 2577 ....
312 2522 442 2592 πρόθεσιν
463 2524 492 2572 Α.
570 2523 595 2573 5.
607 2523 632 2573 6.
659 2527 857 2590 συγκεφυμίνων
876 2522 905 2574 C.
941 2525 966 2575 6.
993 2525 1093 2577 i'aooro
1111 2544 1162 2577 om.
1180 2524 1212 2578 B.
1254 2565 1256 2569 ‚

232 2612 255 2662 7.
284 2606 324 2673 τε]
343 2630 370 2660 τι
388 2609 421 2660 0.
445 2602 458 2675 ΙΙ
483 2604 591 2671 οὕτωτί]
609 2607 644 2656 sic
663 2607 723 2665 BD,
753 2604 821 2659 οὕτω
841 2610 873 2674 δή
892 2609 926 2661 0.
1015 2612 1041 2662 8.
1067 2610 1212 2680 narseus-

230 2691 314 2764 μενα]
336 2693 370 2744 sic
387 2694 413 2744 D
436 2707 459 2743 et
482 2693 546 2744 Gaio
564 2706 625 2752 not,
646 2691 855 2763 προβαλλόμεθα
879 2695 914 2757 Β,
942 2697 1156 2767 προβαλλόμεθα
1179 2696 1212 2748 0.

232 2781 258 2833 9.
286 2776 381 2832 ducaei
398 2779 430 2829 D.
516 2781 556 2831 11.
586 2781 727 2830 Χαλδαίων
746 2778 838 2848 σοφοὶ]
857 2776 1040 2832 Chaldaeorum
1063 2782 1212 2845 theologiam

230 2865 307 2917 fusius
329 2864 438 2915 tractavit
459 2865 610 2917 lamblichus
633 2879 691 2916 teate
713 2865 846 2917 Damaseio
869 2867 901 2916 de
924 2867 997 2935 prim.
1022 2867 1102 2936 princ.
1125 2870 1212 2937 p.115

231 2951 314 3020 Kopp.
334 2947 461 3017 καθάπερ
478 2946 586 3016 ἠξίωσεν
605 2949 620 3002 ό
642 2953 724 3020 μέγας
739 2948 886 3021 Ἰάμβλιχος
908 2958 933 3004 ἐν
955 2952 991 3022 τῷ
1008 2952 1041 3022 ἦ
1058 2957 1145 3021 βιβλίῳ
1165 2953 1213 3021 τῆς

229 3037 373 3104 χαλδαϊιιῇς
390 3035 552 3103 τελειοτάτης
569 3038 722 3104 θεολογίας.
799 3040 841 3090 12.
868 3040 1020 3106 Αἰγυπτίων
1038 3058 1090 3090 om.
1109 3041 1194 3091 suet.

162 3224 191 3270 ut
209 3212 344 3270 videamus
363 3220 429 3287 quot
446 3220 474 3266 et
492 3209 578 3287 qualia
597 3221 673 3276 sunt;
697 3212 793 3268 deinde
812 3234 826 3269 c
845 3215 943 3291 quibus
968 3213 1122 3291 desumptae
1139 3213 1213 3270 inere

160 3298 304 3375 theologiis
321 3300 389 3354 istae
408 3297 586 3353 dubitationes
604 3318 798 3375 percurramus,
818 3310 845 3355 et
863 3302 937 3356 iuxta
955 3319 1021 3376 qnos
1033 3303 1160 3356 scientias
1174 3303 1213 3356 in-

161 3390 299 3463 quirantur
317 3388 390 3463 ipsas
407 3383 585 3461 proponendo
603 3393 758 3440 statuamus.

231 3470 368 3546 Quaedam
386 3472 466 3547 igitur
478 3469 632 3526 desiderant
643 3490 731 3525 rerum
742 3472 811 3528 male
823 3469 992 3527 confirsarum
1004 3471 1212 3538 distinctionem,

161 3558 290 3634 quaedam
307 3567 394 3613 antem
410 3567 552 3612 versantur
570 3558 640 3612 circa
658 3576 764 3612 cansam
781 3568 894 3636 propter
911 3578 988 3633 quam
1007 3567 1035 3613 et
1050 3570 1113 3614 sunt
1130 3560 1167 3613 ita
1186 3570 1214 3614 et

161 3642 358 3715 intelliguntum
385 3641 435 3699 alia
458 3654 544 3699 autem
571 3644 599 3698 in
627 3653 766 3719 utramque
787 3653 891 3722 partem
913 3646 1072 3699 sententiam
1094 3644 1212 3713 trahunt,

160 3731 235 3785 iuxta
252 3730 463 3785 contrarietatem
482 3729 613 3805 quandam
632 3726 771 3798 collocata,
790 3729 917 3806 quaedam
934 3729 1049 3806 deniqne
1062 3733 1212 3788 nniversam

161 3836 176 3871 a
200 3813 279 3870 nobis
303 3833 425 3870 arcanam
447 3814 617 3892 disciplinam
640 3814 785 3894 postulant.
823 3813 885 3872 talia
905 3836 965 3873 eom
987 3818 1043 3871 sint
1063 3816 1156 3873 multis
1179 3838 1213 3874 ex

160 3901 229 3958 locis
246 3909 373 3977 petuntur
391 3900 558 3977 diversisque
576 3903 703 3958 scientiis.

232 3983 368 4061 Quaedam
387 4005 419 4041 ex
437 3988 471 4041 iis
490 4006 557 4062 quae
575 3985 771 4044 Chaldaeomm
790 3990 925 4066 sapientes
943 3988 1111 4045 tradiderunt
1129 3997 1213 4044 atten-

160 4076 262 4131 tionem
280 4081 396 4138 morcnt,
415 4071 540 4147 quaedam
560 4073 592 4128 ab
610 4076 644 4130 iis
663 4096 730 4151 quac
742 4075 935 4153 Aegyptiorum
953 4075 1101 4154 prophetae
1113 4074 1213 4131 docent

160 4159 275 4218 formant
293 4159 542 4236 argumentationes,
560 4159 687 4234 quaedam
699 4160 922 4239 pbilosophorum
933 4161 1110 4240 speculationi
1123 4159 1212 4217 affinia

161 4249 239 4303 etiam
256 4246 478 4322 interrogationes
496 4253 687 4302 consentaneas
706 4245 760 4304 illis
778 4249 931 4306 instituunt.
959 4251 1012 4305 iam
1030 4267 1095 4305 voro
1114 4245 1211 4303 atalia
