2776 4876
218 351 255 404 64
1201 349 1228 412 1,
1237 351 1269 403 21

221 507 309 571 σθαι
329 503 407 590 παρ’
427 498 531 582 αὐτὴν
553 500 587 581 ἐξ
609 500 755 585 ἀνάγκης
783 504 1042 585 καταδεεστέραν
1061 512 1193 591 μοῖραν
1215 506 1271 570 «δί-

221 620 300 682 δωσι
322 624 391 692 τοῖς
413 616 584 700 δαίμοσιν·
615 611 698 692 ὅλως
720 616 754 679 δὲ
776 610 815 678 τό
838 617 898 697 μὲν
919 612 1019 680 θεῖόν
1041 621 1129 680 ἐστιν
1144 613 1273 700 ιὴγεμο·

219 723 310 794 νικόν
331 729 386 792 καί
408 721 652 810 προϊστάμενον
672 727 732 806 τῆς
754 731 880 802 ἐντοῖς
902 717 976 792 οὖσι
991 723 1177 805 διατάξεως,
1200 727 1305 792 δια-ε

219 833 350 906 κονικόν
372 839 406 903 δὲ
427 833 467 902 τό
482 834 655 921 δαιμόνιον
669 840 726 902 καὶ
745 835 1015 926 παραδεχόμενοι
1030 835 1115 926 άπερ
1129 831 1173 903 ἀν
1186 861 1273 925 παρ-

220 952 413 1036 αγγείλωσιν
436 953 467 1014 οἱ
490 950 577 1027 θεοί,
598 947 784 1036 προθύμως
806 948 988 1036 αὐτουργία
1006 928 1177 1038 χρώμενον
1197 952 1272 1037 περὶ

220 1056 265 1131 ὧν
293 1067 325 1130 οἱ
355 1063 433 1128 θεοὶ
460 1062 579 1127 νοοῦσί
607 1084 641 1126 τε
669 1063 726 1127 καὶ
754 1058 936 1144 βούλονται
967 1065 1023 1128 καὶ
1053 1057 1305 1128 ἐπιτάττουσιν

218 1176 397 1263 τοιγαροῦν
426 1177 458 1238 οὶ
485 1174 566 1238 θεοὶ
586 1175 652 1237 τῶν
673 1175 842 1258 ῥεπονσῶν
871 1179 916 1249 είς
941 1169 1002 1254 τὴν
1023 1178 1150 1259 γένεσιν
1171 1169 1273 1239 δυνά-

219 1283 306 1371 μειόν
328 1293 409 1352 εἰσιν
431 1283 693 1368 ἀπηλλαγμένοι·
722 1285 876 1368 δαίμονες
897 1287 932 1351 δὲ
953 1283 1079 1352 τούτων
1100 1283 1142 1351 οὐ
1162 1280 1272 1367 πάντη

218 1393 454 1484 καθαρεύουσα
491 1397 638 1462 τοσαῦτα
661 1390 702 1476 δὴ
725 1387 785 1462 οὖν
805 1400 880 1484 περὶ
893 1398 993 1477 τῆσδε
1008 1399 1067 1477 τῆς
1080 1398 1273 1482 διακρίσεως
1289 1402 1305 1454 ⁰

217 1505 476 1595 προσεθήκαμεν
497 1510 553 1573 καὶ
576 1504 721 1591 οἰόμεθα
744 1505 802 1572 ἀπ’
819 1507 1036 1598 ἀμφοτέροιν,
1064 1511 1130 1574 τῶν
1157 1532 1192 1574 τε
1215 1511 1272 1594 tp·

217 1622 370 1706 προσθεν
391 1622 448 1686 καὶ
469 1622 536 1686 τῶν
557 1623 617 1684 νῦν
637 1615 782 1708 ἐφόδων,
810 1627 1061 1706 γνωριμωτέραν
1086 1619 1190 1702 αὐτὴν
1211 1644 1272 1686 νοι-

218 1736 425 1812 θεστηκέναι.
1105 1782 1108 1787 .
1289 1735 1323 1789 st

161 1853 199 1911 21
301 1838 369 1909 Ἢν
391 1846 426 1909 δὲ
448 1853 611 1919 συναινεῖς
632 1844 791 1930 διαίρεσιν
820 1842 881 1925 τὴν
910 1847 969 1910 τοῦ
998 1847 1175 1928 ἑμπαθοῦς
1201 1839 1271 1909 ἀπό

218 1957 278 2021 τοῦ
299 1954 459 2032 ἀπαθοῦς
480 1953 558 2030 ἴσως
579 1956 639 2039 μὲν
660 1951 704 2020 ἀν
719 1978 767 2034 τις
780 1953 1032 2041 παραιτήσαιτο,
1054 1955 1098 2033 ὡς
1112 1954 1272 2040 οὐδετέρῳ

218 2071 283 2132 τῶν
305 2063 498 2151 κρειττόνων
519 2068 622 2151 γενῶν
650 2065 919 2157 ἑφαρμόζουσαν,
948 2066 991 2133 δι’
1012 2063 1053 2143 ἀς
1079 2067 1272 2150 ἔμπροσθεν
1291 2076 1323 2126 15

219 2176 393 2264 εἰρήκαμεν
408 2182 530 2255 αίτίας·
553 2181 608 2243 καὶ
630 2174 698 2259 μὴν
721 2175 777 2243 διά
791 2176 890 2247 τοῦτό
905 2204 940 2263 γε
956 2176 1272 2262 αάτήνάνατρόπειν

218 2285 323 2374 ἀξιον,
351 2289 436 2357 διότι
457 2287 647 2375 ίλήλεγνται
675 2297 709 2355 ὲκ
737 2294 802 2356 τῶν
831 2290 874 2368 ὡς
903 2297 947 2367 είς
975 2293 1140 2375 ἐμπαθεῖς
1169 2283 1271 2365 ὄντας

290 2542 314 2592 3.
341 2538 399 2610 τῆς]
417 2548 473 2600 τοῖς
492 2540 549 2593 BD.
622 2543 647 2592 5.
675 2536 825 2612 αὐτουργίᾳ
841 2540 920 2600 sicA,
943 2535 1106 2609 αὐτουργίαν
1125 2535 1159 2588 0.
1181 2529 1193 2604 ΙΙ
1213 2549 1271 2605 post

288 2622 433 2698 αάτουργίρ
457 2625 503 2677 Ac
522 2628 578 2679 add.
596 2647 638 2688 τε,
665 2626 690 2677 Ι)
710 2628 765 2679 add.
785 2627 817 2678 τὸ
838 2621 850 2696 ΙΙ
873 2622 1021 2698 χριόμενον]
1039 2623 1075 2675 sic
1094 2622 1174 2686 sel),
1195 2621 1272 2697 Ιχροί-

287 2733 361 2781 μενοι
379 2714 414 2766 02
507 2715 532 2765 6.
551 2716 615 2766 θεοί
632 2732 683 2764 om.
701 2712 732 2763 B.
827 2717 851 2764 7.
879 2711 998 2766 sanaretis
1019 2714 1070 2764 A„
1143 2711 1168 2762 9.
1198 2705 1269 2776 περὶ]

288 2799 357 2850 πᾶσι
374 2797 432 2861 ΒΙ),
450 2801 518 2854 πᾶσι
536 2802 595 2869 περί
614 2798 667 2850 ΑΟ.
694 2793 706 2868 ΙΙ
733 2797 820 2867 τῆςδι]
839 2806 898 2860 ταῖς
917 2801 945 2851 δε
963 2800 997 2852 Ι).
1022 2793 1035 2866 ΙΙ
1061 2800 1168 2868 κρίσεως
1186 2795 1270 2846 ΑΒΙ).

289 2884 331 2935 13.
359 2882 498 2950 συναινεῖς]
512 2884 546 2938 σὺ
556 2880 673 2955 ἀναιρεῖς
685 2886 731 2936 AC
743 2886 840 2949 Fescb.,
852 2887 885 2940 οὐ
895 2881 1038 2956 ἀνερεῖςΙ).
1111 2882 1152 2933 14,
1175 2879 1223 2933 ἴσω
1236 2880 1270 2931 D.

289 2971 332 3022 16.
358 2966 413 3034 καὶ]
433 2965 464 3021 οὗ
486 2969 555 3021 ΑΟΙ)
574 2971 655 3036 Regii.
728 2974 769 3023 17.
797 2969 956 3040 ἐλὴλεγκται]
975 2971 1010 3022 sic
1028 2971 1062 3032 I),
1086 2969 1218 3036 ίλὴλεκται
1236 2968 1269 3019 0.

221 3120 222 3124 ,
298 3048 311 3124 ΙΙ
323 3058 361 3116 εἰς
378 3054 489 3107 additum
508 3077 536 3107 ex
558 3060 588 3107 Α,
794 3066 798 3075 .

217 3290 327 3337 naturae
344 3283 511 3358 generaturi,
530 3291 557 3337 et
576 3281 721 3337 secundum
740 3302 798 3337 eam
815 3281 914 3358 ubique
932 3277 1123 3335 distrahuntur.
1167 3296 1270 3333 summa

217 3377 266 3437 est,
286 3367 323 3423 dii
341 3369 478 3446 principes
498 3377 605 3423 suntet
623 3367 747 3423 ordinant
758 3388 802 3425 res
815 3387 908 3424 omnes
920 3364 1106 3444 praesidendo,
1125 3363 1271 3420 daemones

217 3456 332 3510 ministri
350 3464 413 3510 sunt
430 3463 458 3510 et
475 3456 676 3533 promptissime
689 3464 832 3532 capessunt
844 3454 955 3510 deorum
966 3453 1085 3529 imperia,
1104 3449 1271 3506 liberrimum

216 3550 383 3617 praestantes
401 3541 559 3618 obsequium
581 3541 615 3597 nd
638 3562 670 3597 ea
693 3561 760 3618 quae
783 3541 822 3597 dii
842 3541 887 3598 rel
911 3540 1029 3616 cogitent
1050 3536 1094 3594 vel
1117 3535 1203 3593 velint
1224 3534 1270 3591 rel

217 3627 332 3681 iubeant.
369 3647 450 3702 quare
462 3628 501 3684 dii
513 3629 546 3684 ab
564 3629 598 3684 iis
618 3647 686 3704 quae
703 3627 737 3684 ad
754 3629 863 3704 genesin
880 3626 993 3683 tendunt
1005 3623 1177 3702 qualitatibus
1190 3620 1271 3677 liberi

217 3723 287 3779 suut,
306 3712 448 3770 daemones
467 3714 500 3770 ab
518 3713 561 3771 his
579 3717 640 3792 puri
658 3715 725 3772 adeo
743 3734 798 3769 uon
815 3722 885 3769 sunt.
930 3711 1031 3769 dehac
1049 3713 1130 3787 igitur
1147 3710 1269 3765 instituta

218 3798 389 3855 distinctione
406 3809 447 3856 tot
464 3802 574 3878 iusuper
591 3802 744 3870 adiecimus,
764 3811 791 3857 et
802 3820 940 3878 speramus
952 3809 1009 3855 tum
1020 3819 1054 3855 ex
1064 3795 1200 3874 prioribus
1212 3804 1270 3850 tum

218 3905 250 3942 ex
267 3883 318 3940 bae
335 3888 490 3942 secessione
507 3885 646 3945 clariorem
664 3910 722 3945 eam
740 3889 866 3945 evasisse.

136 3969 137 3973 ¹
159 3973 196 4032 21
288 3970 496 4026 Distiuotionem
508 3992 573 4027 roro
584 3975 703 4050 patibilis
716 3985 744 4031 et
755 3973 911 4052 impatibilis
921 3993 999 4050 quam
1011 3970 1055 4027 bio
1068 3971 1148 4026 etiam
1159 3967 1269 4045 probas,

216 4060 305 4136 possit
324 4058 384 4134 quis
402 4076 456 4111 non
474 4059 606 4114 immerito
623 4065 743 4129 reiteste,
761 4072 792 4118 ut
811 4082 878 4137 quae
890 4060 1029 4118 meliorum
1041 4073 1168 4133 generum
1180 4055 1269 4108 neutri

217 4153 359 4223 competat,
377 4151 491 4222 propter
508 4162 600 4200 causas
618 4166 662 4202 eas
681 4168 746 4223 quas
764 4150 840 4224 prius
859 4147 990 4214 diximus3
1013 4147 1187 4206 nibilominus
1205 4147 1268 4203 ideo

218 4229 387 4288 evertendam
405 4249 559 4300 censemus,
582 4231 655 4307 quod
676 4243 767 4310 arguat
791 4233 856 4290 deos
880 4255 941 4291 esse
964 4233 1107 4293 sensibiles
1129 4235 1163 4292 ex
1187 4235 1269 4291 sueri·
