2776 4876
144 356 195 421 l‚³
1172 354 1190 408 9

143 509 258 597 ἡρῶων
285 514 342 577 καὶ
363 513 479 597 ψιηῶν
500 508 686 598 ἀχράντων·
720 514 776 577 καὶ
803 507 867 596 γὰρ
889 507 1108 597 περὶτούτων
1133 517 1191 578 ἕνα

143 621 245 707 λόγον
266 621 447 711 ὡρισμένον
467 625 526 702 τῆς
548 621 663 700 οὐσίας
677 622 729 689 ἀεὶ
743 625 793 690 δεῖ
805 632 903 702 νοεῖν,
924 619 963 688 τὸ
986 619 1016 688 δ’
1035 620 1192 709 ἀόριστον

107 748 123 799 3
143 739 201 800 καὶ
222 729 370 800 ἄστατον
391 737 453 815 τῆς
464 733 681 820 ἀνθρωπίνης
694 734 843 821 ἀναιρεῖν
857 731 988 813 δόσεως,
1009 737 1064 801 καὶ
1079 731 1117 800 τὸ
1132 738 1192 819 μὲν

144 846 184 928 ἐξ·
200 841 401 934 ἀντιρρόπον
414 849 480 912 τῶν
496 848 717 933 διαλογισμῶν
730 842 950 922 ἀποστάσεως
964 848 1127 912 ἐπικλίνων
1140 849 1194 912 ἐπὶ

144 955 279 1043 θάτιρα
299 960 555 1044 παραιτεῖσθαι·
590 955 765 1046 ἀλλότριον
779 955 843 1043 γάρ
858 963 927 1024 ἐστι
939 959 1005 1023 τῶν
1020 961 1080 1023 τοῦ
1093 955 1194 1042 λόγον

108 1090 125 1140 ο
145 1072 202 1135 noi
222 1072 282 1149 τῆς
299 1069 387 1150 ζωῆς
409 1067 519 1157 ἀρχῶν
540 1063 579 1136 τὸ
600 1073 760 1149 τοιοῦτον,
782 1070 892 1135 enter
906 1065 949 1135 τοὶ
963 1065 1097 1154 διάτιρα
1110 1067 1194 1135 ἀπο·

142 1185 283 1268 ’φίριται
302 1183 439 1265 μᾶλλον,
461 1184 517 1247 καὶ
545 1177 610 1248 ὅσα
637 1183 677 1273 τῇ
704 1178 840 1266 δυνάμει
861 1184 917 1247 καὶ
945 1183 985 1272 τῇ
1009 1176 1195 1247 ἐναντιῶται

146 1289 204 1372 τῆς
225 1296 376 1376 γενέσεως
397 1290 563 1376 προσήκει.
606 1294 783 1377 μονοειδῶς
805 1293 840 1358 δὲ
861 1291 971 1359 αὐτῶν
991 1289 1195 1376 ἀντιλαμβά·

109 1405 270 1470 seronior
293 1405 351 1469 δεῖ.

213 1513 380 1580 -Ἐοιιιίτω
401 1509 443 1594 δὴ
466 1507 616 1593 οὖντοῖς
638 1513 757 1591 ἀιδίοις
785 1516 850 1581 τῶν
877 1519 969 1582 θεῶν
998 1518 1196 1593 συνοπαδοῒς

146 1629 204 1692 καὶ
223 1624 246 1706 ἡ
268 1623 437 1716 σύμφυτος
458 1624 566 1693 αὐτῶν
587 1624 802 1707 κατανόησις·
835 1623 943 1713 ὥσπερ
966 1617 1026 1694 οὖν
1047 1626 1143 1694 αὐτοὶ
1158 1624 1195 1693 τὰ

90 1750 129 1800 12
149 1735 381 1824 ιίναιίχονσιν
404 1736 455 1804 ἀεὶ
478 1736 639 1817 ὡσαύτως,
662 1734 765 1817 οὕτως
786 1737 877 1819 καὶὴ
893 1736 1091 1825 ἀνθρωπίνη
1106 1733 1196 1827 ψυχὴ

146 1844 233 1915 eard
254 1844 403 1916 τάαίπά
424 1853 464 1943 τῇ
485 1848 602 1934 γνώσει
622 1849 705 1938 πρὸς
727 1847 846 1929 αὐτοὺς
860 1853 1089 1929 σνναπτέσθω,
1111 1856 1197 1916 ιλια-

147 1965 208 2046 σίηι
229 1964 289 2045 μὲν
311 1958 333 2040 ἢ
354 1960 433 2054 δόξη
454 1956 477 2042 ἢ
499 1965 707 2048 συλλογισμῷ
728 1984 799 2042 τινι,
822 1961 1016 2049 ἀρχομένοις
1036 1964 1114 2028 ποτὲ
1129 1957 1196 2026 ἀπὸ

94 2093 129 2144 lo
144 2070 280 2160 χρόνον,
301 2075 460 2159 μηδαμῶς
480 2069 541 2155 τὴν
562 2073 641 2158 ὑπὲρ
664 2077 769 2141 ταῦτα
784 2070 895 2139 πάντα
909 2072 1026 2140 οὐσίαν
1039 2069 1197 2157 μεταδιώ-

148 2208 262 2263 κσνσα,
283 2195 365 2262 ταῖς
378 2187 413 2251 δὲ
435 2189 606 2271 καθαραῖς
628 2189 684 2251 καὶ
706 2184 887 2271 ἀμίμπτοις
909 2183 1069 2266 νοήσισιν,
1091 2179 1133 2262 ἀς
1155 2182 1198 2249 ιί-

149 2299 255 2386 ληιρεν
277 2294 312 2375 ἐξ
333 2295 442 2363 ἀιδίαν
463 2296 555 2383 παρὰ
577 2301 643 2363 τῶν
664 2299 763 2377 θεῶν,
786 2293 921 2374 ταύταις
943 2296 1056 2374 αὐτοῖς
1084 2318 1198 2380 σννηρ-

220 2535 245 2588 2.
273 2537 326 2588 otei
349 2534 403 2588 CI).
476 2536 500 2588 ³.
528 2532 629 2595 δάσιως
646 2535 679 2586 D.
756 2536 781 2588 1.
809 2535 937 2604 λογισμῶν
955 2535 986 2586 Β.
1064 2536 1106 2586 10.
1134 2537 1198 2586 torar

220 2619 305 2692 1qu.
326 2615 339 2690 ΙΙ
359 2623 407 2677 οὐν
426 2617 537 2681 ὀπαδοῖς
555 2621 586 2672 Β.
668 2623 709 2675 11.
737 2613 784 2675 οὖν
800 2642 851 2675 orn.
870 2623 903 2673 Ι).
981 2621 1023 2674 12.
1044 2617 1074 2690 ἦ]
1092 2619 1126 2671 sic
1147 2619 1200 2680 Ac,

221 2709 319 2762 σπι.Οὲ
375 2709 416 2761 11.
445 2705 506 2776 δὸξη
518 2707 548 2761 Β.
570 2703 583 2777 ΙΙ
603 2707 781 2778 συλλογισμῶν
800 2708 830 2762 C.
889 2710 930 2761 16.
958 2703 1001 2773 ἃς]
1019 2705 1094 2769 sicli,
1113 2699 1198 2765 αλςΟ.

221 2794 263 2847 17.
291 2797 473 2865 συνηθρημίνη
494 2797 524 2854 Α,
543 2802 749 2865 σννηθρημένοις
766 2794 795 2846 C.

151 3030 211 3082 narn
229 3019 257 3065 et
275 3012 303 3065 in
320 3008 363 3065 his
382 3029 459 3066 unam
472 3029 532 3065 esse
543 3029 703 3087 semperque
714 3020 798 3065 ratam
810 3011 942 3066 essentiae
953 3011 1083 3065 rationem
1095 3018 1201 3087 oportet

150 3097 310 3164 existimare,
329 3106 357 3152 et
379 3097 464 3152 abiis
482 3096 850 3153 remorereineertitudinem
868 3104 896 3152 et
907 3093 1107 3152 instabilitatem
1119 3098 1201 3150 sortis

151 3182 287 3251 hnmanae,
304 3192 359 3238 tum
368 3186 447 3239 etiam
456 3183 600 3260 pendulam
608 3187 637 3239 in
645 3193 784 3260 utramque
792 3193 895 3261 partem
904 3181 1110 3248 inclinationem,
1124 3201 1202 3257 qnam

151 3271 181 3335 in
197 3271 276 3326 nobis
295 3271 444 3347 experimur
462 3271 495 3326 ab
507 3269 610 3346 aequali
622 3273 754 3328 rationum
766 3280 900 3326 momento
913 3272 986 3338 oriri,
1004 3268 1036 3324 ab
1049 3265 1104 3322 illis
1117 3269 1202 3322 seiun-

151 3372 215 3430 gere
232 3356 373 3412 debemuse
392 3365 478 3411 totum
496 3359 567 3413 enim
584 3355 636 3413 hoo
653 3379 668 3414 a
686 3359 798 3414 rationis
810 3359 934 3432 vitaeque
945 3354 1063 3410 lontibus
1074 3372 1202 3431 perquam

151 3439 276 3498 dissimm
294 3452 344 3510 est,
362 3445 507 3519 potiusque
519 3443 652 3500 delabitur
663 3444 697 3500 ad
709 3443 840 3501 secundas
851 3453 958 3499 naturas
971 3460 1069 3516 easque
1080 3460 1123 3495 res
1136 3459 1202 3515 quae

152 3529 262 3584 veniunt
280 3528 331 3585 sub
352 3539 511 3606 potestatem
535 3540 563 3585 et
578 3533 733 3587 varietatem
755 3531 940 3606 generationis.
964 3548 1045 3604 quare
1066 3526 1129 3583 illos
1151 3528 1203 3584 snb

151 3611 275 3670 uniformi
294 3627 425 3694 ooneeptn
443 3627 551 3694 oportet
568 3615 774 3695 apprehendere.

210 3699 416 3780 Repraesentet
433 3706 513 3781 igitur
531 3704 623 3780 quales
640 3714 702 3760 sunt
720 3701 884 3759 immortales
902 3700 1012 3756 deorum
1034 3703 1147 3758 comites
1165 3703 1203 3757 in·

152 3797 213 3844 nata
231 3788 268 3846 de
290 3793 324 3850 iis
341 3793 494 3869 perceptio,
516 3801 546 3851 ut
567 3789 789 3866 quemadmodum
810 3790 865 3865 ipsi
888 3786 1076 3844 immutabilem
1099 3808 1204 3866 semper

153 3877 277 3933 obtinent
293 3879 444 3944 essentiam,
463 3879 503 3933 sie
520 3879 651 3932 stenima
669 3875 781 3932 hnmana
800 3874 894 3931 eodem
912 3873 992 3930 modo
1010 3876 1085 3952 ipsos
1102 3894 1149 3930 sua
1161 3894 1204 3930 eo-

153 3963 272 4038 gnitione
289 3966 409 4040 attingat,
428 3983 479 4019 neo
495 3961 614 4040 postulet
631 3964 738 4039 assequi
756 3981 787 4017 re
802 3962 954 4018 coniectura
966 3970 1011 4018 aut
1022 3963 1148 4038 opinione
1160 3970 1205 4015 aut

153 4047 325 4125 syllogismo,
349 4052 528 4128 temporaneis
546 4048 689 4117 subsidiis,
714 4068 772 4104 eam
789 4051 933 4105 essentiam
955 4069 1022 4125 quae
1044 4047 1122 4123 longe
1139 4045 1204 4102 haee

154 4138 243 4192 emnia
256 4137 479 4214 supergreditur:
503 4146 593 4194 utatur
614 4139 706 4213 potins
728 4138 805 4214 puris
826 4147 853 4193 et
880 4135 1023 4213 inculpatis
1051 4132 1204 4189 notionibus

155 4224 400 4298 quastab‘aetarno
418 4223 508 4280 hausit
526 4223 559 4281 ab
576 4225 645 4301 ipsis
662 4223 728 4292 diis3
751 4233 779 4280 et
794 4243 845 4301 per
866 4220 1006 4299 quasillis
1024 4221 1092 4297 ipsis
1109 4238 1206 4275 eonne-
