2776 4876
165 348 198 400 rs
1162 345 1213 412 ι,ι

164 510 208 581 εὶς
229 496 397 592 διαφοράν
418 504 483 567 τῶν
504 497 696 584 κρειττόνων
718 504 829 585 γενῶν.
874 497 983 566 οὐδενὶ
1009 493 1075 586 γάρ
1104 497 1215 568 αὐτῶν

164 614 185 694 ἡ
207 618 268 679 τοῦ
288 616 373 701 ὃρᾷν
393 617 449 680 καὶ
470 610 607 697 πάσχειν
630 615 752 678 ένεστιν
775 614 972 691 ἐναντίωσις,
994 607 1156 677 ἀπόλυτα
1177 613 1215 677 δέ

163 749 246 802 τινες
269 724 376 791 αὐτῶν
398 729 453 792 καὶ
475 724 630 810 ἄτρεπτον
650 727 707 790 καὶ
728 718 807 790 άνευ
827 725 887 803 τῆς
908 717 991 811 πρός
1011 718 1050 788 τό
1072 719 1248 790 ἄνακτά-3

163 859 262 918 μενον
284 842 421 922 σχέσεως
442 839 650 923 θεωροῦνται
671 840 707 900 αἱ
736 839 908 921 ἐνέργειαι·
941 829 1028 898 ὅθεν
1056 831 1132 900 οὐδὲ
1153 827 1214 912 τάς

163 944 316 1025 τοιαύτας
345 944 485 1027 κινήσεις
506 941 566 1023 τάς
593 952 628 1012 ἐκ
656 950 831 1024 ποιοῦντος
859 948 914 1012 καὶ
942 941 1132 1030 πάσχοντος.
1157 943 1209 1010 ἐπ’

163 1058 270 1126 αὐτῶν
291 1055 564 1147 παραδεχόμεθα.
610 1057 684 1124 οὐδὲ
705 1052 770 1144 γάρ
792 1060 846 1122 uu
866 1059 1055 1146 ‘uomit
1069 1051 1130 1137 τὴν
1144 1053 1249 1128 tinio

161 1175 221 1237 τοῦ
242 1173 410 1248 κινοῦντος
431 1173 486 1235 καὶ
514 1173 706 1252 κινουμένου
732 1170 942 1255 προσιέμεθα
969 1165 1214 1249 αὐτοκινησίακ,

132 1323 136 1336 =
162 1281 271 1363 ἁπλῆν
293 1284 328 1348 δέ
351 1306 424 1348 τινα
446 1283 575 1360 κέυησιν
597 1275 738 1360 σεἰσιάὸη
761 1275 866 1360 αὐτὴν
886 1283 1005 1361 εαυτῆς
1020 1270 1134 1359 οὖσαν,
1156 1283 1214 1346 καὶ

162 1391 201 1459 οὐ
229 1388 312 1480 πρός
341 1399 451 1479 έτερον
479 1394 619 1478 ἔχουσαν
645 1395 768 1475 σχέσιν,
796 1389 993 1482 ὲξμρημένην
1020 1393 1081 1456 τοῦ
1106 1402 1249 1457 ποιεῖνι

162 1511 206 1581 ελς
228 1499 348 1582 ἑαυτήν
376 1506 432 1568 καὶ
460 1499 598 1588 πάσχειν
619 1499 677 1593 ὑφ’
697 1505 816 1583 έαυτῆς
843 1502 1081 1586 ὑποτιθέμεθα
1109 1497 1214 1583 αὐτὴν

162 1612 253 1680 εἶναι.
299 1610 321 1694 ἥ
342 1639 407 1682 που
428 1610 495 1700 άρα
517 1617 571 1680 ἐπὶ
593 1617 658 1680 τῶν
686 1611 878 1699 κρειττόνων
900 1617 959 1694 τῆς
980 1614 1089 1703 ψυχῆς
1110 1615 1214 1697 γενῶν

162 1723 340 1810 ἀνάσχοιτο
364 1723 407 1792 άν
435 1750 482 1802 τις
505 1723 614 1791 αὐτῶν
636 1719 720 1791 κατά
742 1718 803 1802 τάς
824 1718 995 1805 ποιητικάς
1017 1717 1040 1804 ἢ
1062 1728 1265 1806 nantuac-1²

162 1832 222 1913 τὰς
243 1834 382 1917 κινήσας
404 1838 580 1924 διακρίνειν
601 1832 662 1913 τάς
684 1833 865 1919 λδιότηταςς

245 1943 318 2014 Ἔτι
331 1952 448 2020 τοίνυν
463 1947 644 2036 ἀλλοτρίως
659 1946 768 2015 αὐτῶν
782 1945 912 2032 κᾴκεῖνο
928 1943 966 2013 τό
988 1940 1034 2027 «ἢ
1047 1949 1112 2013 τῶν
1126 1970 1212 2034 παρ·

163 2064 328 2142 επομένων
336 2056 597 2148 »προστίθεται
642 2064 695 2126 ἐπὶ
717 2063 776 2145 μὲν
798 2052 862 2145 γάρ
885 2061 950 2124 τῶν
972 2060 1143 2125 συνθέτων
1157 2061 1213 2124 καὶ
1232 2075 1262 2127 1⁵

163 2173 227 2237 τῶν
248 2170 328 2255 μεθ’
348 2176 467 2259 ἑτέρων
488 2166 509 2251 ἢ
529 2177 566 2236 ἐν
581 2165 694 2249 ἄλλοις
709 2166 814 2237 όντων
827 2173 884 2235 καὶ
897 2173 963 2236 τῶν
977 2174 1213 2257 περιεχομένων
1231 2224 1234 2231 .

162 2279 220 2371 ὑφ’
245 2289 365 2370 ἑτέροις
393 2279 435 2347 τά
463 2285 522 2366 μέν
551 2281 594 2361 ὡς
621 2282 851 2371 προηγούμενα
880 2278 922 2347 τὰ
944 2279 975 2348 δ’
997 2279 1040 2358 ὡς
1068 2277 1213 2365 έπόμευα

161 2403 301 2474 νοεῖται,
330 2396 386 2460 καὶ
414 2389 456 2459 τά
484 2398 543 2479 μὲν
571 2393 614 2472 ὡς
636 2389 719 2460 ὅντα
740 2390 783 2459 τά
811 2392 839 2460 δ’
859 2392 902 2471 ὡς
931 2393 1213 2478 έπισυμβαένοντα
1230 2407 1262 2458 18

231 2619 257 2670 2.
282 2615 396 2684 ἔνεστιν]
420 2619 513 2688 ένέργτι
529 2620 560 2670 Β.
582 2613 594 2687 ΙΙ
615 2615 736 2678 οἷκτιάσις
754 2622 785 2670 A.
891 2621 917 2671 8.
944 2615 1054 2686 ἑαυτῆς]
1077 2616 1113 2668 aie
1131 2615 1212 2678 Act),

231 2708 336 2763 ἑαυτοῖς
355 2705 386 2756 0.
471 2706 513 2758 11.
540 2702 629 2773 γενῶν]
654 2706 738 2776 μερῶν
756 2706 788 2755 D.
875 2706 971 2758 1115.
999 2707 1212 2774 παραπεμπομέ-

232 2811 279 2841 νων
299 2791 329 2850 Β,
356 2796 549 2861 ταραττομένων
567 2791 600 2840 I).
674 2793 715 2843 15.
741 2797 787 2861 μὲν
809 2813 858 2843 τωο.
880 2795 908 2844 A.
930 2785 943 2858 ΙΙ
964 2785 1098 2845 συνθέτων
1116 2786 1134 2858 ἢ
1151 2827 1212 2843 ....

232 2874 282 2926 τῶν
299 2871 367 2945 μεθ’
382 2876 410 2927 C.
496 2880 536 2929 17.
565 2880 666 2948 ἑτέρους
686 2880 715 2928 A.

161 3103 188 3154 in
207 3098 445 3177 praestantioribus
463 3102 564 3155 naturis
582 3100 739 3178 ponendam.
766 3099 834 3155 nulli
852 3102 952 3178 quippe
970 3119 1059 3156 earnm
1077 3099 1173 3177 agendi
1184 3109 1212 3156 et

159 3185 279 3264 patiendi
297 3186 470 3242 contrarietas
488 3188 567 3252 inest,
586 3186 635 3243 sed
653 3181 790 3242 absolutae
807 3195 869 3242 suut
886 3205 978 3243 eorum
995 3188 1113 3243 actiones
1125 3195 1153 3243 et
1164 3188 1211 3242 im·

160 3271 310 3341 mutabiles,
327 3281 355 3327 et
373 3273 431 3326 sine
448 3270 576 3328 relatione
594 3273 628 3329 ad
645 3275 799 3351 oppositum
810 3271 1024 3339 cousiderantur3
1041 3272 1112 3329 unde
1123 3271 1211 3329 nullas

161 3362 188 3414 in
206 3362 240 3416 iis
259 3358 412 3415 huiusmodi
430 3361 591 3415 mutationes
610 3379 677 3435 quae
695 3380 728 3415 ex
746 3361 849 3416 aetioue
867 3369 894 3415 et
910 3362 1037 3437 passione
1054 3359 1122 3417 fiunt
1134 3378 1212 3434 agno·

161 3447 268 3512 seimus,
286 3444 336 3500 sed
354 3447 382 3502 in
400 3447 486 3501 anima
504 3466 537 3502 ex
554 3455 678 3502 movente
695 3455 723 3501 et
740 3455 812 3500 moto
824 3447 866 3502 sui
878 3448 1023 3502 motionem
1036 3446 1211 3523 supponimus

161 3533 185 3585 ei
204 3529 499 3609 competere‚'eamque
517 3530 685 3588 essentialem
703 3533 769 3609 ipsi,
793 3552 842 3587 neo
865 3531 899 3587 ad
917 3531 990 3589 aliud
1007 3540 1210 3610 respectantem,

161 3617 302 3671 immunem
320 3619 354 3674 ab
371 3622 475 3676 actione
492 3622 569 3682 inse
592 3620 678 3696 ipsam
695 3627 723 3675 et
738 3620 890 3696 passionem
908 3640 923 3674 a
940 3638 971 3674 se
988 3620 1054 3697 ipsa.
1082 3616 1211 3693 numquid

161 3703 241 3777 igitur
258 3700 325 3758 ieret
342 3703 437 3781 aliquis
456 3727 524 3774 eum,
544 3707 590 3781 qui
607 3702 713 3761 illarum
730 3713 881 3760 naturarum
899 3725 966 3781 quae
978 3715 1042 3760 sunt
1053 3706 1140 3760 anima
1159 3724 1211 3760 me·

161 3786 253 3855 liores,
270 3788 433 3848 differentias
451 3802 550 3848 statuat
568 3794 640 3849 iuxta
658 3793 758 3847 activas
776 3801 821 3847 aut
839 3793 959 3867 passivas
977 3792 1155 3847 mutationes?

231 3873 288 3929 Sed
305 3877 384 3932 etiam
402 3877 471 3934 illud
487 3879 602 3936 alienum
620 3877 714 3934 abhis
732 3888 783 3947 est,
802 3878 874 3954 quod
892 3878 926 3934 de
943 3878 1127 3935 accidentibus
1150 3897 1165 3932 a
1183 3886 1211 3932 te

161 3960 291 4017 adiicitur.
320 3981 380 4017 nam
398 3965 426 4018 in
444 3965 567 4021 omnibus
585 3967 742 4043 compositis
760 3976 787 4022 et
804 3967 833 4021 in
851 3968 884 4022 iis
904 3985 970 4041 quae
988 3974 1051 4020 sunt
1072 3985 1132 4021 eum
1150 3961 1211 4020 aliis

160 4047 204 4105 vel
222 4051 250 4104 in
268 4046 328 4103 aliis
346 4050 463 4104 existunt
480 4048 524 4104 vel
542 4070 608 4125 quae
627 4055 795 4109 eontinentur
818 4053 868 4108 sub
891 4051 962 4121 aliis,
987 4052 1123 4128 quaedam
1138 4061 1212 4109 oerte

161 4135 344 4213 intelliguntur
356 4144 386 4190 nt
397 4136 490 4212 prima,
510 4135 636 4210 quaedam
654 4148 683 4194 ut
695 4143 842 4215 sequentia,
861 4149 889 4194 et
900 4137 946 4195 illa
958 4137 1067 4215 quidem
1077 4149 1211 4214 tamquam

161 4224 235 4299 ipsae
252 4223 385 4282 essentiae
395 4222 461 4278 haee
472 4231 605 4297 tamquam
617 4229 829 4302 supervenientia
841 4228 909 4303 ipsis
921 4228 1055 4283 essentiis.
1086 4235 1129 4283 est
1140 4227 1211 4282 enim
