2776 4876
220 344 275 400 210
1205 339 1233 404 t,
1243 342 1279 393 10

222 501 410 585 δαιμονίων,
424 498 491 562 τῶν
505 498 539 563 δὲ
554 494 706 583 ἀνωτέρω
720 490 847 561 τούτων
861 504 930 572 πως
937 499 1152 579 τεταγμένων,
1167 491 1279 582 ὥσπερ

192 617 193 624 ’
222 613 288 677 τῶν
308 612 415 675 θείων
435 610 560 687 αἰτίαν,
582 609 628 672 so
642 608 678 672 δὲ
691 602 818 673 τούτων
830 602 1058 693 πρεσβυτάτης
1072 605 1280 691 proiecimus

221 721 445 806 ἐξηγουμένης,
460 727 658 803 συγκινεῖται
671 719 731 803 μὲν
745 712 810 783 ὑπὸ
821 717 880 797 τῆς
890 719 1016 794 τελείας
1027 719 1154 794 θυσίας
1165 712 1279 783 πάντα
1301 729 1318 780 3

220 825 263 897 τά
285 830 392 896 α’ίτια·
414 827 500 895 καθ’
519 824 562 910 ἢν
584 831 619 895 δὲ
636 826 741 913 εἴληχε
756 833 878 894 ἕκαστα
892 823 995 908 τάξιν,
1017 831 1179 912 συγγενῶς
1194 824 1282 916 πρὸς

167 953 183 978 *³
222 935 328 1021 αὐτὴν
350 941 535 1007 οἰκειοῦται.
574 934 633 1005 ἐὰν
655 941 690 1006 δὲ
713 935 831 1019 ἀτελής
852 961 902 1016 τις
914 943 1057 1024 γίνηται,
1080 921 1174 1027 μέχρι
1188 937 1282 1016 τινὸς

221 1059 392 1140 προχωρεῖ,
414 1048 625 1138 προσώτερον
647 1051 681 1117 δὲ
702 1053 884 1136 προελθεῖν
906 1047 966 1135 οὐχ
988 1053 1045 1116 οία
1066 1056 1101 1115 τί
1125 1056 1223 1116 ἐστιν.
1300 1065 1317 1116 t

315 1159 417 1228 Ὅθεν
440 1158 481 1241 δὴ
503 1165 559 1228 καὶ
581 1162 699 1227 πολλοὶ
720 1163 780 1245 μὲν
802 1162 959 1245 δαίμοσιν
981 1159 1139 1245 ἀγαθοῖς,
1160 1163 1282 1227 πολλοὶ

223 1275 258 1340 δὲ
279 1277 372 1340 θεῶν
393 1281 467 1350 ταῖς
488 1275 688 1349 τελευταίαις
708 1269 875 1357 δυνάμεσι,
897 1273 1015 1338 πολλοὶ
1037 1272 1072 1336 δὲ
1094 1279 1168 1348 ταῖς
1188 1295 1282 1361 περι-

222 1385 372 1468 κοσμίοις
382 1379 404 1464 ἢ
415 1386 588 1471 περιγείοις
602 1378 770 1469 δαιμόνων
783 1375 806 1462 ἢ
820 1384 913 1448 θεῶν
927 1377 1105 1465 δυνάμεσιν
1119 1380 1283 1467 ἡγοῦνται
1301 1393 1317 1444 9

221 1488 283 1571 τάς
305 1496 431 1571 θυσίας
452 1490 705 1582 προσάγεσθαι,
732 1495 832 1579 μέρος
854 1495 966 1577 μέντοι
992 1494 1058 1558 τῶν
1080 1497 1154 1580 περὶ
1176 1489 1283 1571 αὐτάς

221 1603 264 1670 οὐ
285 1607 414 1692 ψευδῶς
436 1600 671 1691 ἀφηγούμενοι,
692 1599 732 1669 τὸ
755 1602 784 1670 δ
805 1601 885 1670 ὅλον
908 1601 1011 1683 αὐτῆς
1031 1604 1091 1683 τῆς
1112 1601 1283 1688 δυνάμεως

223 1709 344 1780 καὶτὰ
366 1710 476 1780 πάντα
498 1708 623 1798 άγαθά
645 1716 703 1778 καὶ
725 1719 771 1790 είς
792 1715 861 1781 πῶν
882 1709 922 1781 τὸ
943 1716 1044 1780 θεῖον
1072 1716 1282 1782 διατείναντα
1300 1724 1335 1775 12

224 1823 284 1890 οὐκ
307 1822 436 1901 ελδότες.

169 1934 208 1994 lt
311 1935 429 2020 Ἡμεῖς
452 1935 487 2000 δὲ
508 1930 619 1999 πάντα
640 1939 859 2024 προσιέμεθα,
883 1932 925 2001 τά
946 1940 1006 2022 μὲν
1019 1931 1144 2025 φυσικά
1166 1935 1283 2012 καλῶς

224 2053 261 2114 ὲν
283 2049 333 2114 tat
355 2042 425 2128 ζῶῳ
446 2042 519 2110 κατ’
539 2044 786 2126 ἐπιτηδειότητα
807 2042 830 2128 ἢ
858 2043 1073 2132 συμπάθειαν
1095 2041 1119 2128 ἢ
1140 2043 1282 2112 άντιπά-
1301 2062 1335 2112 15

223 2160 326 2224 θειαν
349 2153 594 2240 συγκινούμευα,
615 2155 659 2234 ὡς
680 2153 849 2237 τηυάλλως
868 2156 1067 2242 ὑποκείμενα
1089 2159 1145 2223 καί
1160 2163 1282 2223 ἐπακο-

225 2269 420 2334 λουθοῦντα
441 2270 499 2332 καὶ
522 2264 720 2335 δουλεύοντα
737 2273 781 2345 είς
795 2263 857 2348 τὴν
872 2273 983 2335 αίτίαν
997 2270 1057 2349 τῆς
1072 2271 1137 2334 τῶν
1151 2270 1282 2335 θυσιῶν

229 2415 231 2420 ’
297 2430 320 2481 1.
348 2447 403 2485 πως
421 2426 600 2497 τεταγμίνων]
620 2430 835 2499 προτεταγμίνων
854 2427 934 2491 sel),
961 2448 1016 2488 πως
1032 2431 1232 2500 τεταραγμένων
1250 2426 1282 2480 B.

295 2515 321 2567 2.
348 2511 429 2583 μίας]
447 2511 482 2564 sio
502 2513 555 2575 AG,
581 2512 628 2582 τῆς
642 2515 708 2582 μίας
727 2514 759 2568 0.
841 2515 869 2566 4.
898 2516 927 2567 δὲ
944 2512 1045 2581 εἴληχε]
1063 2514 1099 2567 sic
1118 2514 1172 2576 AC,
1197 2516 1283 2580 εἴληχε

295 2600 323 2652 δὲ
341 2597 374 2651 0.
465 2600 489 2650 5.
517 2619 557 2659 τις
575 2620 625 2650 om.
648 2598 701 2651 AC.
791 2599 816 2652 7.
829 2598 854 2652 8.
881 2598 1013 2652 πολλὰδὲ
1032 2598 1061 2652 C.
1153 2599 1195 2651 10.
1222 2605 1284 2657 ταῖς

294 2686 406 2744 θυσίαις
423 2683 457 2735 D.
480 2679 493 2752 ΙΙ
513 2682 621 2753 μέντοι]
644 2689 691 2754 μίν
709 2705 736 2738 τι
756 2685 813 2759 Δί).
922 2687 1018 2738 15.16.
1044 2681 1063 2753 ἢ
1082 2679 1282 2751 άντιπάθειαν]

295 2768 331 2819 sic
347 2767 393 2820 AC
411 2783 435 2819 et
451 2788 536 2835 margo
555 2771 588 2831 D,
615 2790 666 2822 om.
686 2769 719 2822 0.
857 2772 900 2823 16.
927 2768 1134 2840 συγκειυοάμευα
1152 2771 1186 2824 D.
1207 2764 1220 2838 ΙΙ
1241 2790 1284 2822 τι-

295 2851 379 2912 νάλως
396 2853 432 2906 D.

225 2990 282 3057 nia,
304 2986 374 3044 aliae
391 3007 456 3044 vero
474 2988 517 3046 his
535 2991 659 3067 saperius
682 2993 929 3060 constitutaesint,
951 2993 1025 3048 sicut
1046 2991 1153 3048 divinae
1176 3010 1283 3058 musae,

225 3073 313 3131 ethis
331 3074 412 3129 etiam
429 3094 481 3130 una
499 3077 633 3151 antiquior
654 3075 742 3134 adhue
763 3097 843 3134 causa
861 3080 976 3156 praesit,
1001 3087 1073 3134 certe
1095 3079 1124 3132 in
1146 3076 1284 3132 sacrificio

224 3159 345 3237 perfecto
363 3156 456 3216 omues
473 3163 542 3216 istac
560 3181 655 3217 causae
667 3171 877 3218 commoventur.
922 3161 1156 3218 accommodantur
1167 3181 1233 3217 vero
1246 3164 1282 3228 ei,

226 3255 253 3301 et
270 3254 301 3301 ut
318 3246 358 3301 sic
373 3244 471 3312 'dicam
491 3249 697 3324 appropriantur
714 3245 880 3303 familiariter
896 3245 1043 3303 secundum
1061 3246 1183 3303 ordinem
1203 3267 1283 3323 quem

225 3351 259 3387 ex
278 3332 312 3387 iis
331 3349 452 3407 quaeque
469 3332 564 3386 sortita
583 3342 632 3388 est.
678 3335 702 3389 si
719 3353 785 3390 vero
798 3332 984 3409 imperfectam
996 3333 1033 3387 sit
1049 3332 1220 3400 sacrificium,
1239 3351 1284 3387 us·

222 3437 277 3493 que
293 3417 326 3473 ad
343 3415 461 3492 >aliquem
479 3415 589 3491 gradum
607 3417 736 3485 ascendit,
755 3416 863 3492 longius
881 3437 945 3474 vero
964 3437 1019 3475 uon
1036 3419 1175 3495 pertinget

295 3501 365 3558 Hinc
383 3512 425 3557 est
443 3501 516 3578 quod
534 3500 611 3557 multi
629 3504 782 3558 existimant
799 3523 875 3559 saera
892 3512 996 3560 tautam
1012 3504 1072 3560 fieri
1089 3503 1167 3558 bonis
1185 3504 1282 3578 geniis,

226 3583 303 3640 multi
319 3597 408 3642 autem
425 3589 572 3664 postremis
590 3586 702 3643 deorum
718 3589 862 3664 potentiis,
885 3587 932 3644 alii
949 3591 1015 3645 item
1033 3590 1066 3645 iis
1090 3587 1203 3645 deorum
1221 3588 1283 3644 dae-

225 3688 391 3745 monumque
402 3675 541 3748 potentiis,
560 3692 628 3748 quae
640 3672 788 3729 mundanae
803 3683 979 3750 terrenaeque
990 3683 1061 3730 sunt.
1105 3673 1212 3729 ethaeo
1224 3675 1283 3749 qui·

226 3753 289 3809 dem
305 3753 339 3810 ab
358 3754 413 3812 illis
429 3756 598 3834 aliquatenus
616 3778 681 3814 vere
692 3757 770 3816 ,dicta
788 3768 859 3826 sunt,
882 3778 937 3814 non
954 3769 1043 3816 autem
1060 3759 1187 3815 videntur
1203 3756 1283 3815 intel·

226 3837 309 3914 ligere
326 3849 410 3896 totam
428 3843 621 3899 sacrificiorum
641 3853 810 3921 potestatem,
833 3864 883 3900 uec
906 3847 995 3901 omnia
1017 3865 1050 3902 ex
1073 3847 1108 3900 iis
1131 3840 1281 3910 commoda,

226 3942 296 4000 quae
314 3922 421 3997 quidem
437 3945 488 4001 per
504 3937 589 3984 totam
606 3928 776 3985 divinitatem
794 3950 824 3985 se
842 3928 995 3987 extendunt.

171 4011 211 4072 lo
297 4005 356 4064 Nos
378 4026 443 4064 vero
466 4014 554 4068 omnia
577 4013 754 4082 admittimus,
776 4014 910 4092 simulque
932 4013 1184 4093 comprehendimus
1206 4023 1282 4070 natu·

225 4092 290 4152 ralia
309 4092 425 4168 quidem,
444 4103 472 4148 et
488 4114 557 4169 quae
573 4107 707 4174 tamquam
717 4101 746 4156 in
758 4119 812 4156 uno
824 4099 933 4158 animali
944 4099 1090 4157 secundum
1102 4094 1282 4177 aptitudinem

225 4178 269 4236 vel
291 4177 468 4257 sympathiam
490 4178 534 4235 vel
555 4182 963 4258 antipathiamcommoveutar3
987 4205 1018 4240 ea
1042 4187 1189 4262 accipimus
1214 4194 1283 4239 mm·
