2776 4876
211 337 264 401 ut
603 327 606 330 ’
1209 341 1262 397 οτι

297 494 342 558 nt
369 493 404 558 ot
426 493 477 558 δεῖ
503 494 561 558 καὶ
588 489 713 560 τούτων
740 491 1006 578 ἀπαλλαγέντας,
1020 501 1124 564 ἐκεῖνο
1153 501 1299 575 ainaim

210 602 250 671 οά
271 604 378 680 καλῶς
399 627 457 688 μοι
478 605 585 681 δοκεῖς
606 599 646 670 τὸ
666 599 834 671 ἀδύνατον
857 611 902 683 εὶς
921 607 1044 690 γνῶσιν
1064 609 1124 686 τῆς
1145 609 1263 690 μαθη..

175 716 349 799 οματικής
370 710 549 798 ἐπιστήμης
570 715 835 799 συλλογίζεσθαι,
858 711 942 787 διότι
964 711 1071 797 πολλή
1093 717 1261 806 διαφωνία

209 829 284 914 περὶ
306 821 411 904 αὐτήν
431 829 572 910 γέγονεν,
594 821 617 906 ἢ
639 821 690 892 ὅτι
713 824 731 892 o‘
757 823 943 914 Χαιρήμων
964 822 1103 908 ήάλλος
1117 853 1166 906 τις
1179 823 1263 917 πρὸς

209 932 314 1017 αὐτήν
336 934 535 1024 ἀντείρηκεν.
580 939 649 1004 ἐπεὶ
671 933 776 1021 τούτῳ
797 961 834 1021 γε
856 940 903 1021 τῷ
924 935 1012 1024 λόγῳ
1037 935 1149 1007 πάντα
1170 943 1263 1007 ἐσται

175 1070 191 1120 ο
209 1044 438 1126 ἀκατάληπτα.
481 1049 616 1131 μορίοις
637 1043 702 1136 γάρ
725 1045 903 1134 ἐσχήκασιν
924 1053 960 1116 αἱ
983 1046 1059 1116 ὅλαι
1085 1053 1264 1137 ἐπιστῆμαι

209 1160 287 1235 τοῦς
308 1155 612 1248 ἀμφισβητοῦντας,
638 1161 695 1224 καὶ
717 1154 760 1226 eat
782 1166 818 1230 ἐν
840 1158 956 1237 αὐτοῖς
979 1158 1181 1248 ἀπορήματα
1203 1161 1262 1233 ἀν,

210 1270 386 1355 αρίθμητα
408 1273 549 1353 γέγονεν.
593 1263 701 1356 ὥσπερ
724 1261 784 1336 οὖν
805 1265 888 1356 πρὸς
910 1264 985 1348 τοὺς
1013 1268 1193 1359 ἐριστικοὺς
1220 1278 1263 1340 at,

176 1375 350 1466 οῶθαμεν
378 1377 571 1463 ἀντιλέγειν,
599 1374 650 1444 ὅτι
673 1375 714 1458 δή
742 1385 799 1450 καὶ
827 1391 897 1457 τοῖς
924 1379 1072 1462 ἀληθέσι
1100 1380 1285 1458 τάναντία,

209 1495 331 1580 utum
354 1487 607 1570 διαστασιάζειν,
627 1493 685 1561 καὶ
698 1486 739 1557 οὐ
752 1487 841 1573 μόνα
856 1487 898 1559 τά
913 1495 1020 1577 ψευδῆ
1034 1489 1118 1579 πρὸς
1133 1489 1263 1574 ἄλληλα

209 1598 363 1689 μάχεται,
397 1598 482 1668 οὕτω
509 1603 567 1668 καὶ
594 1604 669 1689 περὶ
696 1604 756 1680 τής
783 1603 1023 1687 μαθηματικῆς
1055 1602 1263 1690 ἀντεροῦγιιν,

158 1729 192 1780 12
211 1712 254 1790 ὡς
274 1708 413 1799 ἀπάρχει
433 1714 493 1796 μὲν
520 1708 670 1792 ἀληθής,
700 1716 733 1781 ολ
761 1714 797 1781 δὲ
823 1711 1033 1800 πλανώμενοι
1058 1719 1133 1803 περὶ
1161 1712 1265 1795 αὐτῆς

212 1822 308 1892 οὐδὲν
336 1819 457 1900 ιλὸότες
485 1824 551 1890 τῶν
579 1819 722 1903 ἀληθῶν
749 1820 964 1907 ἀντιλέγουσι
1015 1826 1200 1911 συμβέβηκε
1229 1826 1264 1893 tt

211 1937 308 2000 τοῦτο
331 1932 373 2000 οὐ
393 1936 466 2021 περὶ
493 1929 617 2013 ταύτην
638 1931 761 2019 μόνην,
790 1930 878 2001 ἀλλά
904 1939 960 2001 καὶ
987 1940 1062 2024 περὶ
1089 1933 1200 2013 πάσας
1228 1941 1265 2004 ἐν

160 2069 192 2120 15
211 2048 303 2112 θεῶν
337 2046 595 2133 παραδοθείσας
629 2042 826 2131 ἀνθρώποις·
858 2043 1056 2131 ἐπιστήμας·
1088 2042 1265 2132 προϊόντος

210 2150 274 2244 γάρ
298 2154 350 2223 ἀεὶ
373 2157 432 2220 τοῦ
449 2152 582 2242 χρόνον,
603 2154 715 2237 πολλῷ
737 2158 784 2237 τῷ
806 2158 925 2240 θνητῷ
938 2160 996 2222 καὶ
1009 2154 1167 2234 πολλάκις
1180 2153 1265 2224 ἀνα-

211 2263 454 2354 κεραννήμεναι,
477 2263 626 2344 ἐξίτηλον
649 2258 687 2332 τὸ
711 2266 810 2331 θεῖον
825 2257 916 2345 ἦθος
929 2269 989 2347 τῆς
1002 2265 1150 2352 γνώσεως
1164 2265 1266 2353 ἀπερ-

160 2401 194 2452 1⁸
209 2375 375 2465 γάζονται.

294 2487 421 2558 Ἕνεστι
433 2492 545 2573 μέντοι
560 2489 617 2553 καὶ
631 2492 659 2552 ιλ
672 2480 783 2573 βραχὺ
795 2489 904 2566 τοῦτο,
927 2490 1014 2562 ἐστιν
1029 2484 1119 2572 ὅμως
1134 2490 1267 2576 ἐναργές

284 2699 308 2750 6.
336 2692 517 2750 ἀκατάληπτα
535 2693 564 2745 C.
637 2695 662 2747 9.
681 2688 828 2758 τάναντλιι]
848 2697 946 2748 sossio
963 2695 997 2747 D.
1070 2696 1161 2749 17‚18,
1185 2688 1267 2766 ἀγηρ-

285 2781 394 2850 γάζεται
412 2779 476 2831 Gale
493 2792 546 2833 not,
619 2779 661 2832 19.
688 2783 784 2851 ἐναργές
803 2779 835 2832 0.

283 2990 339 3048 sed
357 2993 381 3047 si
398 2990 441 3046 his
458 2987 562 3047 relictis
581 2989 649 3047 iilud
667 2988 765 3046 addere
783 2999 914 3067 oporteat,
931 2990 997 3048 mihi
1009 2990 1117 3067 qnidam
1129 3011 1182 3046 non
1195 2999 1268 3046 recte
1285 2995 1304 3051 4

213 3079 316 3137 videris
329 3077 466 3154 colligere,
484 3076 686 3136 mathematicae
698 3078 827 3133 scientiae
837 3075 991 3137 huiusmodi
1002 3073 1196 3152 impossibilem
1207 3093 1270 3132 esse

213 3165 491 3244 comprehensionem,
515 3163 588 3238 quod
606 3165 682 3220 inea
700 3161 782 3221 multa
801 3164 837 3220 sit
854 3162 1016 3239 disputatio,
1040 3160 1166 3237 quodque
1183 3157 1269 3218 Chno-

213 3271 307 3309 remon
330 3248 399 3306 forte
421 3259 468 3311 ant
489 3247 586 3328 uliquis
611 3247 680 3305 aliun
703 3258 901 3324 argumentatus
924 3251 961 3305 eit
982 3256 1076 3303 contra
1098 3265 1163 3303 eam.
1216 3243 1272 3303 hoe,

214 3340 285 3397 enim
311 3346 465 3414 argumento
493 3337 581 3397 omnia
606 3343 687 3391 erunt
712 3353 826 3411 prorsus
850 3331 1145 3411 incomprehensibilia3
1176 3350 1271 3388 omnes

214 3427 314 3502 quippe
331 3425 460 3482 scientiae
477 3423 631 3486 innumeros
649 3419 750 3488 babent
766 3419 927 3496 litigatores,
947 3420 1021 3475 etin
1043 3420 1077 3474 iis
1095 3417 1200 3473 infinita
1222 3415 1271 3471 dn·

214 3510 374 3568 bitationnm
391 3527 468 3584 seges
486 3508 608 3563 nascitur
659 3505 883 3582 quemadmodum
906 3506 986 3581 igitur
1009 3501 1129 3560 solemus
1152 3501 1269 3557 eristicis

215 3613 360 3673 reponeret
377 3595 485 3650 veritati
503 3590 658 3648 naturaliter
668 3602 818 3669 repugnant
827 3593 968 3659 contraria,
987 3598 1014 3646 et
1029 3608 1085 3646 non
1097 3595 1200 3643 tantum
1211 3586 1272 3662 ipsa

216 3682 269 3738 sibi
286 3681 401 3739 invicem
418 3678 498 3736 falsa:
521 3677 595 3735 idem
609 3676 732 3738 <ticenae
749 3677 784 3737 tie
801 3677 852 3735 hac
869 3677 999 3735 mathesis
1020 3683 1110 3753 parte,
1134 3674 1194 3750 ipsa
1212 3673 1270 3748 qui·

215 3768 278 3825 dem
294 3786 358 3825 vera
375 3775 425 3833 est,
444 3767 491 3840 qai
508 3773 597 3821 antem
614 3765 648 3821 ab
666 3785 697 3822 oa
714 3765 840 3821 moment
856 3773 936 3841 atque
954 3762 1021 3819 adeo
1039 3761 1179 3819 avennio
1190 3757 1272 3819 alieni

217 3864 288 3922 sunt,
307 3855 332 3909 ei
350 3850 544 3912 contradicunt.
589 3860 617 3906 et
634 3850 686 3906 hoc
704 3870 759 3906 non
777 3847 864 3906 solum
882 3851 973 3906 evenit
989 3850 1017 3905 in
1029 3847 1089 3917 hac,
1106 3845 1157 3904 sed
1168 3847 1197 3902 in
1208 3843 1271 3902 aliis

217 3941 342 3997 omnihus
357 3938 489 3996 divinitis
507 3937 577 3995 datis
595 3937 731 4002 scientiis3
752 3953 896 4014 progressu
918 3937 989 3992 enim
1010 3935 1142 4013 temperie
1163 3931 1274 3990 divinus

218 4027 347 4083 scientiae
364 4028 393 4082 in
411 4027 445 4082 iis
464 4022 602 4081 character
618 4021 747 4099 paulatim
765 4023 911 4090 evanescit,
933 4032 1079 4101 propterea
1101 4017 1174 4097 quod
1190 4035 1275 4094 saepe

219 4110 384 4187 multumque
399 4111 523 4167 humanis
541 4107 713 4188 opinionibus
730 4109 949 4167 contaminentur.

289 4200 341 4257 Est
357 4199 467 4276 quidem
484 4200 511 4254 in
530 4195 683 4272 astrologia,
700 4205 729 4252 et
745 4214 895 4271 quanquam
912 4205 993 4253 tenne
1004 4197 1052 4262 sit,
1067 4191 1209 4266 uestigium
1219 4188 1274 4249 hoc
