2776 4876
214 357 265 423 ³‚l
1220 366 1272 424 loa

215 504 279 598 έγειῖ
295 515 377 580 θεῖα
393 515 451 579 καὶ
465 511 672 602 θεωρήματα
687 515 932 603 ἐπιστημονικό.
955 515 998 586 τά
1013 519 1044 587 δ’
1058 516 1144 589 ἄλλα
1151 518 1271 590 ,πόντοι

215 622 258 702 ὡς
279 620 411 712 όργανα
431 621 600 693 ὑπόκειται
614 629 654 720 τῇ
667 629 811 695 ἐνδεῶν
825 637 1102 725 καταπεμπομέυμ
1115 634 1174 714 τῆς
1187 655 1271 722 arpo«

180 751 195 802 3
215 732 366 820 γνώσεως
388 731 486 816 δόσει,
509 733 575 804 όσα
597 762 632 805 τε
654 742 729 827 περὶ
750 733 812 820 τὴν
832 737 946 829 ψυχὴν
960 741 1055 827 ἡμῶν
1076 741 1272 810 carissimi

214 848 311 931 σῶμα
332 848 390 914 καὶ
412 842 478 913 ὅσα
500 853 536 913 ἐν
557 850 597 937 τῇ
618 847 716 940 φύσει
736 854 797 917 τοῦ
818 847 944 930 παντός
957 848 980 934 ἢ
994 862 1069 932 ταῖς
1080 856 1179 932 ἐδίαις
1192 852 1271 920 έειό·

213 977 298 1024 στων
320 953 460 1046 φύσεσιν
481 957 668 1047 ἐνυπάρχει·
701 963 771 1027 ένια
794 964 829 1028 δέ
851 961 894 1041 ὡς
915 968 950 1029 ἐν
972 959 1053 1044 ὕλης
1074 962 1165 1044 τάξει
1186 989 1269 1055 προ·

178 1064 388 1146 σῦπόνειται,
411 1065 478 1135 ὅσα
499 1066 611 1137 τόπων
632 1065 655 1151 ἢ
676 1068 787 1138 ἀλλων
808 1076 906 1140 τινῶν
928 1076 1035 1160 λέγεται
1056 1073 1222 1148 τοιούτων.

301 1181 346 1246 ot
368 1176 410 1261 δή
432 1204 481 1258 τις
501 1179 680 1270 ἀφιέμενος
701 1185 766 1248 τῶν
779 1186 998 1272 πρωτουργόν
1011 1188 1126 1252 αλτίων
1139 1189 1194 1254 ἐπὶ
1209 1181 1270 1266 τάς

212 1286 463 1378 δευτερουργοὺς
484 1289 664 1377 ὑπουργίας
686 1291 852 1383 ἀποφέροι
872 1291 911 1362 τό
925 1298 985 1376 τῆς
1003 1299 1171 1382 μαντικῆς,
1193 1294 1269 1366 οἷον

177 1397 355 1482 ενινήσεις
378 1399 540 1487 σωμάτωυ
562 1397 731 1483 ἀπαθῶν
751 1402 942 1492 μεταβολὰς
962 1403 985 1488 ἢ
1006 1412 1146 1493 γενέσεις
1173 1407 1267 1488 τινὰς

210 1516 323 1600 ἐτέρας
343 1506 365 1592 ἢ
388 1513 472 1592 ζωῆς
494 1510 712 1602 ἀνθρωπίνης
733 1518 895 1602 ἐνεργείας
917 1514 940 1599 ἢ
960 1517 1079 1602 λόγους
1101 1516 1267 1609 ἐμψύχους

211 1617 234 1702 ἢ
256 1621 412 1712 φυσικούς
433 1625 624 1710 τιθέμενος,
651 1626 780 1710 νομίζοι
801 1621 836 1691 τι
859 1631 964 1718 σαφές
984 1629 1104 1714 λέγειν,
1132 1625 1154 1710 ἢ
1183 1651 1267 1716 συμ»

159 1747 193 1799 12
210 1737 345 1822 μετρίας
366 1730 492 1801 τούτων
524 1730 606 1821 πρός
633 1730 762 1816 ἀλληλα
784 1735 827 1814 ὡς
855 1742 964 1816 αἰτίας
990 1737 1267 1826 ἀναλογιζόμενος

209 1841 445 1929 ἀπολαμβάνοι
467 1839 528 1926 τὴν
549 1842 724 1933 ἀκρίβειαν
753 1845 951 1915 ἀποδιδόναι
971 1852 1046 1935 περὶ
1068 1848 1181 1932 αὐτῆς,
1205 1853 1266 1919 τοῦ

210 1949 336 2032 παντός
358 1952 588 2044 διημάρτηκευ.
625 1955 698 2023 ἀλλ’
718 1956 764 2036 εἷς
786 1956 865 2047 ὅρος
887 1954 996 2048 ὀρθός
1016 1963 1073 2027 καὶ
1093 1963 1156 2046 μία
1178 1957 1263 2050 ἀρχὴ

158 2085 192 2136 15
210 2068 283 2152 περὶ
305 2063 440 2133 πόντων
461 2064 627 2147 τοιούτων,
654 2069 817 2154 μηδαμῶς
836 2067 992 2148 ἀναιτίως
1013 2067 1176 2158 παράγειν
1202 2066 1264 2152 τὴν

209 2180 268 2244 τοῦ
288 2179 467 2264 μέλλοντος
487 2182 648 2262 μαντείαν
670 2175 738 2245 ἀπό
759 2183 826 2246 τῶν
846 2182 1011 2266 μηδεμίαν
1026 2178 1167 2267 ἐχόντων
1180 2178 1263 2270 πρό-

208 2309 329 2371 γυωσιν
351 2294 387 2355 ἐν
407 2294 547 2368 έαυτοῖς,
568 2285 636 2355 ἀπὸ
659 2291 694 2356 δέ
715 2294 781 2358 τόν
804 2292 896 2357 θεῶν
918 2294 983 2357 τῶν
1005 2289 1206 2377 συνεχόυτων
1227 2297 1263 2358 ἐν

279 2542 302 2591 7.
331 2533 432 2607 δι’γΙιίε
453 2539 510 2602 ΑΙ),
534 2539 566 2593 δέ
581 2537 614 2592 0.
635 2533 648 2607 ΙΙ
669 2534 800 2609 ἀφέμενος
818 2538 900 2592 ACD.
1007 2540 1032 2592 8.
1060 2534 1208 2610 ἀποφέροι]
1227 2539 1263 2592 aie

279 2623 332 2691 AC,
359 2620 488 2697 ἀποφέρει
505 2625 536 2676 0.
559 2618 574 2692 ll
592 2622 655 2693 τῆς]
674 2645 714 2684 τις
732 2625 766 2678 Ι).
857 2627 882 2678 9.
908 2622 1033 2693 γενέσεις]
1052 2624 1088 2677 sic
1108 2624 1192 2688 Aci),
1220 2647 1260 2677 ιιι-

278 2708 361 2779 νήσεις
380 2710 414 2764 Ο.
487 2712 529 2764 12.
548 2705 771 2781 ἀπολογιζόμενος
788 2708 969 2780 ἀπολαμβάνει
986 2711 1067 2765 ΑΕΒ.
1140 2712 1182 2763 15.
1203 2730 1260 2763 τοι-

279 2794 380 2862 ούτων]
398 2794 434 2848 aie
452 2795 505 2860 AC,
524 2815 576 2848 om.
594 2796 628 2849 0.
723 2798 766 2850 lli.
793 2799 911 2868 μαντίαν
928 2796 962 2850 0.
1057 2797 1100 2849 17.
1127 2796 1179 2849 τάν
1197 2814 1261 2849 συν-

278 2879 405 2948 εχόυτων]
424 2881 460 2934 aic
479 2881 537 2945 ΑΙ),
563 2877 725 2949 συνεχόντειν
743 2881 776 2935 0.

209 3110 305 3167 organa
324 3091 503 3148 subiiciantur
520 3092 603 3147 misso
622 3091 751 3148 divinitus
768 3092 900 3169 praesagii
918 3091 997 3159 dono,
1020 3093 1079 3147 sive
1096 3090 1130 3146 ad
1148 3091 1261 3146 animam

207 3187 325 3233 nostram
341 3178 494 3254 pertineant
512 3180 570 3235 sive
592 3176 628 3233 τό
651 3197 766 3256 σοι-ματ,
785 3179 843 3233 sive
865 3177 899 3233 ad
920 3187 1041 3232 naturam
1063 3176 1181 3230 universi
1202 3177 1261 3230 aire

207 3263 241 3319 ad
258 3262 432 3341 particulam
451 3282 539 3320 rernm
557 3262 719 3340 singularam
740 3272 862 3331 naturas,
886 3265 938 3319 nisi
963 3261 1036 3339 quod
1058 3259 1185 3316 nonnulla
1207 3279 1260 3315 ma·

207 3351 290 3405 toriae
307 3351 381 3407 vices
400 3350 505 3418 obeant,
523 3359 554 3406 ut
571 3349 631 3406 loca
650 3359 677 3405 et
695 3347 800 3405 similia.

277 3435 308 3492 Si
332 3438 393 3512 quis
416 3456 479 3512 ergo
502 3434 670 3512 derelinquat
692 3454 785 3492 causas
807 3436 961 3512 primarias,
988 3443 1016 3490 et
1038 3435 1066 3489 in
1088 3427 1262 3487 secundariae

206 3540 303 3599 operas
321 3523 464 3578 manticem
481 3522 587 3592 reserat,
605 3522 802 3597 substituatque
819 3541 870 3600 pro
887 3523 991 3599 primia,
1014 3529 1102 3576 motus
1120 3524 1185 3594 pata
1202 3532 1262 3570 cor·

206 3625 306 3684 porcos
330 3608 520 3682 passionumve
542 3609 702 3664 mutationes
725 3617 771 3664 ant
787 3609 972 3684 generationes
996 3606 1104 3682 quasvis
1127 3600 1192 3658 alias
1215 3609 1261 3656 aut

206 3693 377 3770 operationes
395 3694 468 3748 ritae
484 3692 563 3749 huius
581 3704 699 3763 nostrae,
718 3703 763 3751 ant
779 3696 897 3750 rationes
916 3689 1044 3748 animales
1061 3698 1106 3745 aut
1122 3687 1260 3767 physicas,

206 3787 350 3857 speretque
367 3797 450 3856 posse
468 3799 499 3834 ac
521 3781 588 3836 certi
610 3779 712 3857 aliquid
729 3779 839 3847 afferre,
860 3776 905 3835 rel
928 3778 1007 3832 etiam
1028 3776 1177 3842 existimet,
1200 3771 1264 3829 alili*

206 3875 300 3942 genter
316 3864 412 3921 horum
430 3867 630 3922 convenientias
653 3868 724 3922 inter
746 3885 777 3922 aa
799 3861 968 3920 observando
992 3869 1141 3918 accuratam
1163 3859 1198 3915 ale
1221 3858 1261 3914 ‹li-

206 3955 343 4011 vinctione
361 3954 492 4009 rationem
510 3946 734 4019 redditurum'se,
756 3952 780 4006 is
799 3948 907 4026 quidem
924 3945 1095 4004 veliementer
1113 3956 1191 4003 errat
1228 3964 1259 3999 ca

208 4040 313 4096 demum
330 4061 393 4096 vcra
410 4041 480 4096 ratio
499 4039 669 4115 omniumque
686 4036 782 4093 horum
793 4037 868 4112 origo
880 4045 930 4104 eat,
948 4044 979 4092 nt
990 4033 1064 4092 nullo
1079 4032 1159 4090 moola
1171 4039 1258 4086 tentes

207 4124 333 4201 colligere
351 4128 409 4183 sine
427 4145 506 4183 cansa
528 4123 677 4182 futurorum
697 4124 901 4202 praenotionem
922 4143 956 4180 ex
978 4123 1013 4178 iia
1035 4139 1103 4198 quac
1124 4114 1193 4174 nihil
1214 4113 1263 4171 ha.

207 4213 273 4270 bont
289 4213 493 4292 praescientiae,
510 4210 561 4269 aad
578 4232 594 4269 a
611 4210 665 4269 (liis
682 4228 826 4279 arcessmo,
844 4208 890 4288 qni
907 4209 977 4267 fines
994 4204 1154 4284 cognitionis
1170 4220 1264 4261 rerum
