2776 4876
198 348 248 402 158
1179 344 1252 407 ³‚25

196 500 263 568 ἀπό
285 526 319 566 τε
342 496 464 565 τούτων
486 503 550 564 τῶν
572 503 714 583 σημείων
737 498 862 578 ἔξωθεν
884 493 986 565 αὐτὸν
1009 498 1052 575 ὡς
1074 502 1252 565 λπίπνοιαν

196 621 345 701 ἐπιρρεῖν.

139 747 178 806 25
289 727 401 790 Ταῦτα
424 727 483 808 μὲν
506 713 565 788 οὖν
587 719 689 799 οὕτως
711 718 791 807 ἡμῖν
814 728 928 807 ἐχέτω·
951 717 989 788 τδ
1005 724 1040 788 δὲ
1054 727 1107 789 ἐπὶ
1122 720 1253 802 τούτοις
1271 735 1287 784 3

195 829 262 900 ἀπὸ
285 837 344 916 τῆς
366 838 488 901 ἐνθέου
509 835 712 924 παραφοράς
740 837 792 900 έπί
823 829 884 914 τὴν
912 836 1067 900 έκστασιν
1094 839 1153 914 τῆς
1182 838 1252 902 δια·

194 950 288 1024 νοίας
310 944 370 1027 τὴν
393 949 446 1012 ἐπὶ
468 941 505 1011 τὸ
525 955 638 1033 χεῖρον
660 944 845 1021 ἀποπίπτει,
868 941 929 1023 τήν
951 969 985 1010 τε
1008 951 1043 1011 έν
1058 955 1128 1024 τοῖς
1149 944 1249 1027 νοσή-

195 1079 279 1144 μασι
300 1062 551 1142 συμπίπτουσαν
573 1060 698 1140 μανίαν
719 1053 918 1143 παραλόγως
940 1060 1050 1122 αἰτίαν
1066 1055 1151 1124 εἶναί
1165 1079 1250 1148 φησι
1268 1072 1285 1122 8

195 1172 253 1250 τῆς
275 1171 442 1253 μαντικῆς.
485 1169 587 1253 χολῆς
608 1163 673 1254 χάρ
694 1170 916 1253 πλεονασμοῖς
939 1165 982 1246 ὡς
1010 1172 1101 1234 έστιν
1121 1166 1249 1236 εἰκάσαι

194 1282 254 1361 τῆς
275 1282 430 1366 μελαίνης
459 1283 515 1344 καὶ
542 1281 653 1364 μέθης
682 1290 913 1367 παρατροπαῖς
939 1283 995 1346 καὶ
1017 1283 1056 1371 τῇ
1085 1277 1186 1374 λύσσῃ
1208 1286 1250 1374 τῇ

195 1389 262 1457 ἀπὸ
292 1390 485 1459 λυσσώντων
513 1394 618 1456 κυνῶν
645 1388 871 1483 συμβαινοίση
907 1391 967 1458 τὸν
995 1388 1285 1478 ενθουσιασμδν9

196 1500 371 1582 ἀπεικάζει
416 1505 465 1568 δεῖ
486 1504 598 1568 τοίνυν
620 1500 655 1581 ἐξ
681 1500 784 1587 ἀρχῆς
811 1503 981 1570 διελέσθαι
1009 1506 1080 1596 διχῇ
1107 1499 1150 1571 τά
1179 1507 1247 1586 affin

194 1618 254 1695 τῆς
275 1611 468 1691 ἐκστάσεως,
498 1605 544 1677 ὧν
571 1608 615 1677 τά
637 1617 696 1697 μὲν
719 1616 771 1678 ἐπὶ
800 1612 838 1678 τὸ
864 1626 978 1702 χεῖρον
1006 1620 1250 1702 παρατρέπεται

194 1728 250 1790 καὶ
273 1719 315 1789 τά
336 1729 396 1810 μὲν
418 1723 534 1800 ἀνοίας
556 1725 677 1808 πληροῖ
698 1728 754 1791 καὶ
775 1726 1046 1815 παραφροσύνης,
1068 1722 1110 1792 τά
1132 1729 1168 1793 δὲ
1188 1731 1251 1807 τῆς
1269 1726 1305 1776 ¹²

194 1835 272 1924 παρ’
292 1831 487 1923 ἀνθρώποις
509 1832 727 1924 σωφροσύνης
755 1832 928 1923 τιμιώτερα
957 1835 1079 1923 ἀχαθά
1100 1843 1248 1926 παρέχει·

195 1951 252 2013 καὶ
274 1942 317 2013 τά
346 1949 406 2031 μὲν
435 1948 487 2011 uu
509 1941 570 2025 τὴν
593 1940 737 2013 ἀτακτον
765 1951 821 2014 καὶ
849 1951 1025 2034 πλημμελῆ
1052 1952 1107 2015 καί
1136 1945 1249 2029 ἀλικὴν

195 2057 372 2124 ἀποπίπτει
395 2061 530 2138 κίνησιν,
553 2052 595 2122 τά
611 2055 641 2122 δ’
657 2059 842 2125 ἐπιδίδωσιν
856 2056 958 2126 ίαυτά
973 2056 1056 2147 πρὸς
1071 2057 1142 2142 τὴν
1153 2059 1250 2144 ἐξάρ-
1270 2065 1305 2114 ¹5

191 2191 319 2256 χουσαν
341 2173 450 2235 αἰτίαν
479 2172 534 2234 καί
563 2167 666 2250 αὐτῆς
687 2172 746 2248 τῆς
775 2176 809 2236 ἐν
837 2172 885 2254 τῷ
899 2168 1025 2256 κόσμῳ
1055 2170 1248 2251 διατάξεως·

194 2284 250 2348 καὶ
271 2278 314 2347 τά
337 2284 396 2365 μὲν
419 2280 462 2358 ὡς
485 2285 682 2368 ἐστερημένα
698 2283 756 2360 τῆς
770 2278 918 2364 γνώσεως
938 2288 1166 2371 παραφέρεται
1180 2279 1249 2349 ἀπὸ

193 2395 254 2459 τοῦ
268 2403 412 2484 φρονεῖν,
434 2386 476 2456 τά
492 2389 521 2456 δ’
538 2390 581 2468 ὠς
602 2389 834 2476 συναπτόμενα
848 2404 918 2471 τοῖς
934 2392 1123 2481 ὑπερέχουσι
1140 2392 1251 2476 πάσης
1270 2393 1304 2443 ¹⁸

266 2588 289 2638 1.
317 2580 403 2638 αὐτοῦ
421 2583 478 2637 BD.
572 2586 597 2638 1.
625 2588 730 2638 ἔκτασιν
750 2585 782 2637 D.
878 2588 902 2637 5.
933 2581 1096 2651 ἀποπίπτει]
1115 2586 1150 2638 sic
1169 2585 1250 2648 Act),

264 2667 431 2724 ἀποπίπτειν
449 2669 482 2721 0.
568 2672 592 2721 5.
607 2672 630 2722 6.
658 2670 774 2740 νοήμασι
793 2671 823 2723 Β.
908 2673 932 2724 8.
961 2668 1051 2725 idonea
1070 2674 1101 2736 d,
1128 2669 1201 2726 λίισει
1220 2672 1249 2724 C.

265 2758 290 2809 9.
309 2745 387 2821 ίἀπὸ]
408 2750 464 2807 ἀπὸ
482 2753 532 2807 τῶν
558 2755 638 2809 Act).
658 2750 670 2823 ΙΙ
692 2756 863 2823 λυσσώντων]
882 2758 917 2810 sic
937 2757 1021 2818 Act),
1049 2758 1200 2813 λυσσόντων
1219 2759 1250 2821 Β,

265 2838 418 2892 λασσάντων
437 2840 471 2892 0.
591 2843 633 2893 10.
661 2840 732 2910 ελδη]
751 2839 803 2912 ἤδη
821 2842 851 2895 Β.
911 2855 913 2866 “
973 2846 1015 2895 11.
1041 2834 1091 2910 ἀν]
1116 2843 1150 2904 ὥς
1170 2844 1250 2898 Act).

267 2926 309 2978 18.
336 2926 521 2992 συναντόμενα
540 2927 573 2979 D.
594 2921 606 2993 ΙΙ
629 2925 733 2995 πάσης]
751 2926 785 2980 sic
804 2928 884 2991 nel),
913 2928 981 2984 πάσι
999 2931 1032 2983 0.

193 3089 226 3145 lit
243 3089 313 3144 enim
331 3105 380 3164 per
397 3085 463 3142 baec
481 3087 556 3162 signa
574 3085 742 3144 manifestum
760 3089 832 3166 quod
852 3093 1001 3147 extrinsece
1019 3089 1108 3147 influit
1126 3091 1251 3167 quemad-

193 3174 302 3231 modum
320 3183 347 3229 et
365 3171 477 3228 afflatus.
1193 3189 1196 3196 ·

137 3262 176 3321 25
266 3262 354 3336 Atque
371 3258 437 3328 baec
456 3258 534 3314 nobis
552 3261 590 3314 ita
608 3280 638 3314 se
656 3259 753 3316 babere
771 3261 910 3329 videntur3
930 3262 1003 3339 qnod
1021 3273 1109 3318 autem
1128 3282 1190 3318 mox
1209 3283 1251 3318 se-

194 3349 285 3424 quitur
302 3346 357 3402 abit
375 3365 487 3423 prorsus
499 3367 515 3399 a
527 3344 616 3401 divina
629 3345 788 3403 alienatione
800 3351 905 3416 mentis,
924 3370 955 3424 ac
968 3351 1085 3405 ecstasin
1097 3369 1164 3425 quae
1176 3369 1251 3403 men-

193 3444 248 3490 tem
270 3436 299 3489 in
317 3433 435 3489 deterius
458 3430 544 3487 llectit
571 3451 728 3508 causamque
746 3435 866 3489 vaticinii
884 3437 1014 3511 assignat,
1033 3435 1083 3490 sed
1099 3455 1249 3512 perperam,

193 3522 325 3575 insaniam
343 3540 376 3576 ex
394 3517 548 3575 valetudine
571 3528 664 3573 ortam.
708 3530 847 3598 comparat
871 3523 941 3577 euim
964 3531 1091 3597 quantum
1115 3522 1251 3577 coniicere

192 3603 258 3660 licet
276 3605 486 3661 enthusiasmum
504 3603 696 3661 melancholiae
714 3606 905 3663 redundantiae
928 3617 955 3664 et
973 3608 1109 3663 ebrietatis
1132 3609 1250 3663 concita·

193 3689 312 3746 tionibus
331 3700 357 3747 et
374 3692 458 3747 rabiei
482 3712 561 3768 qnam
583 3711 664 3747 canes
686 3692 786 3747 rabiosi
809 3693 936 3749 efficiunt.
982 3715 1064 3770 qnare
1086 3703 1194 3771 oportet
1215 3693 1251 3748 ab

193 3777 271 3832 initio
289 3779 405 3832 ecstasin
421 3780 450 3832 in
468 3777 535 3834 duas
552 3780 657 3856 species
676 3778 843 3836 distribuere.
889 3799 1001 3857 quarum
1018 3778 1065 3834 illa
1083 3781 1112 3834 in
1129 3778 1249 3834 deterius

194 3881 244 3918 nos
267 3860 349 3916 trabit
371 3862 516 3940 impletque
539 3866 654 3920 amentia
676 3875 704 3920 et
725 3866 915 3943 imprudentia,
939 3864 1005 3922 baec
1028 3875 1117 3921 autem
1139 3884 1250 3920 munera

194 3945 304 4004 meliora
322 3946 401 4002 nobis
419 3949 530 4024 praebet
547 3971 626 4026 quam
643 3953 733 4028 possit
749 3951 862 4007 bumana
875 3951 1030 4030 prudentia;
1049 3971 1142 4007 narsus
1155 3949 1250 4007 illaad

194 4045 295 4091 motum
320 4031 492 4110 irregularem
519 4055 654 4092 enormem
676 4037 840 4094 materialem
862 4035 991 4105 declinat,
1018 4038 1085 4094 baec
1108 4037 1192 4092 tradit
1218 4056 1250 4091 se

194 4121 279 4196 ipsam
291 4140 385 4178 causae
398 4117 438 4175 illi
451 4139 590 4196 supremae
602 4142 670 4196 qnae
688 4125 776 4198 ipsum
793 4123 886 4179 muudi
905 4123 1027 4180 ordinem
1039 4123 1181 4201 gnbemat3
1201 4120 1248 4177 illa

195 4208 345 4280 cognitione
363 4207 456 4263 orbata
474 4203 608 4262 delabitur
624 4207 657 4262 ab
676 4211 748 4263 omni
765 4209 920 4286 prudentia,
942 4208 1008 4267 baec
1031 4211 1168 4267 connectit
1186 4227 1249 4264 cnm
