2776 4876
197 368 249 424 188
1048 365 1065 380 ’
1197 363 1251 426 1,5

145 511 150 522 ’
197 522 307 602 άλλως
330 525 364 589 δὲ
378 521 456 608 παρ’
472 520 552 607 ἡμῖν
568 523 633 588 τῶν
648 521 783 586 δικαίων
803 517 824 600 η’
840 521 944 608 κρίσις
958 520 1099 603 γίνεται·
1121 520 1178 583 καὶ
1192 515 1253 584 οὐκ

195 630 239 703 ἀν
260 629 484 720 θαυμάσαιμι,
508 638 536 697 εί
556 628 603 717 μὴ
626 627 856 722 ἐφικνούμεθα
878 635 913 696 ὲν
928 640 998 708 τοῖς
1011 632 1177 706 πλείστοις
1190 629 1253 710 τῆς

196 742 300 835 ἀκρας
322 748 378 810 καὶ
400 739 605 823 τελειοτάτης
626 745 691 807 τῶν
713 738 907 828 κρειττόνων
928 744 1072 828 κρίσεως.
1272 755 1288 806 3

289 861 330 923 Τί
353 858 388 923 δὲ
409 852 524 921 κωλύει
544 850 626 919 καθ’
645 849 765 918 ἑαυτὸν
785 850 912 937 ἑκάστῳ
926 856 982 919 καὶ
996 846 1080 937 μετά
1096 854 1155 932 τῆς
1171 847 1252 932 ὅλης

196 974 386 1054 συγγενείας
407 968 473 1032 τῶν
495 968 612 1054 ψυχῶν
625 959 717 1050 παρά
732 974 802 1040 τοῖς
817 966 913 1041 θεοῖς
927 959 1013 1030 πολι)
1027 959 1253 1057 διαφερόντως

195 1077 438 1167 δοκιμάζεσθαι
460 1069 497 1142 τό
521 1077 665 1158 δίκαιονς
688 1074 776 1163 ε’ίπερ
798 1069 863 1162 γάρ
886 1074 907 1156 ἦ
930 1079 1086 1143 κοινωνία
1108 1076 1168 1154 τῆς
1191 1072 1289 1144 νίν-ε

97 1256 102 1265 ,
196 1194 256 1273 τῆς
278 1187 407 1281 (μίσεως
428 1191 463 1255 tv
485 1211 520 1253 τε
542 1183 673 1272 σάμασι
694 1190 750 1254 καὶ
762 1181 852 1254 ’ἀνευ
866 1184 1028 1271 σωμάτων
1050 1183 1165 1263 οὔσαις
1178 1193 1254 1261 ταῖς

194 1311 318 1393 ψυχαῖς
340 1296 531 1386 συμπλοκήν
552 1322 628 1364 τινα
650 1293 713 1378 τὴν
734 1292 839 1378 αὐτὴν
861 1291 945 1386 πρός
967 1293 1039 1377 τὴν
1051 1299 1111 1364 τοῦ
1124 1293 1254 1382 κόσμου

196 1407 283 1493 ζωὴν
305 1415 361 1478 καὶ
382 1407 477 1491 τάξιν
499 1405 754 1497 ἐναπεργάζεται
767 1404 890 1488 κοινήν,
912 1412 968 1476 καί
983 1404 1044 1490 τὴν
1059 1411 1178 1475 ἔκτισιν
1194 1410 1254 1488 τῆς
1273 1424 1290 1474 9

196 1524 288 1604 δίκης
303 1521 487 1607 ἀναγκαῖον
502 1519 723 1587 ἀπαιτεῖσθαι
738 1519 801 1610 ἀφ’
817 1516 912 1599 ὅλων,
927 1522 984 1585 καὶ
997 1517 1143 1606 μάλιστα
1154 1517 1254 1600 ἡνίκα

197 1629 239 1700 ἀν
260 1629 300 1698 τό
314 1635 461 1718 μέγεθος
474 1636 540 1698 τῶν
553 1634 617 1717 μιᾷ
630 1634 914 1719 προϋπηργμένων
928 1628 1141 1718 ἀδικημάτων
1153 1629 1255 1720 ὑπερ-

196 1747 273 1834 αίρῃ
296 1738 357 1822 τὴν
379 1739 447 1808 ἀπὸ
462 1746 542 1828 μιᾶς
556 1736 615 1822 τῆς
629 1739 824 1808 ἀκολούθου
838 1753 908 1820 τοῖς
922 1738 1181 1829 πλημμελήμασι
1203 1764 1253 1806 τι·
1274 1754 1308 1806 12

194 1857 322 1942 μωρίας
343 1849 594 1940 ἀποπλήρωσιν·
624 1859 652 1918 εῖ
679 1853 715 1917 δέ
744 1877 793 1930 τις
820 1855 876 1919 καὶ
905 1848 1025 1932 ἀλλους
1052 1854 1253 1942 προστιθείη

195 1960 394 2050 διορισμοός,
414 1962 498 2029 καθ’
515 1958 573 2040 οδς
588 1965 804 2030 ἐπιδείκνυσιν
825 1969 942 2053 ἑτέρως
964 1958 1006 2029 τά
1030 1965 1141 2030 δίκαια
1158 1958 1254 2052 παρά

199 2085 270 2153 τοῖς
293 2077 390 2153 θεοῖς
412 2077 528 2161 ἔχοντα
549 2068 573 2155 ἢ
594 2074 637 2152 ὡς
657 2073 737 2163 παρ’
756 2073 837 2160 ἡμῖν
851 2076 1051 2159 διέγνωσται,
1073 2072 1190 2158 γένοιτ’
1210 2068 1255 2139 ἀν
1275 2095 1307 2145 15

195 2189 252 2273 καὶ
273 2184 330 2250 ἀπ’
351 2191 479 2253 ἐκείνων
508 2188 630 2276 ἔφοδος
656 2184 737 2269 ἡμῖν
765 2187 818 2249 ἐπὶ
840 2179 879 2250 τό
902 2187 1131 2273 προκείμενον·
1167 2182 1244 2251 ἀλλ’

196 2300 270 2384 ἐμοὶ
291 2301 347 2364 καὶ
369 2302 401 2364 oi
422 2300 651 2387 προειρημένοι
672 2292 771 2381 μόνοι
792 2293 929 2374 κανόνες
950 2295 1129 2383 ὲξαρκῶσιν
1151 2302 1196 2373 εὶς
1211 2292 1251 2362 τό

266 2494 291 2545 1.
318 2489 363 2558 τί]
381 2491 414 2545 τὸ
433 2491 488 2543 CD.
631 2491 655 2543 9.
683 2487 881 2563 ἀπεργάζονται
899 2489 952 2554 Ac,
978 2488 1203 2562 ἐναπεργάζοντυιι
1219 2490 1253 2541 D.

266 2580 308 2632 10.
336 2575 471 2646 ἀναγκαῖα
490 2577 518 2628 C.
638 2578 678 2628 11.
708 2574 926 2648 πρσῧπεργμένων
945 2577 978 2640 0,
1007 2578 1255 2649 προπεπραγμίνωκ

267 2666 333 2718 Gale
350 2679 402 2717 not.
546 2664 641 2716 11.12.
669 2661 818 2734 ὑπεραίρῃ]
845 2663 1035 2725 sicVelsenins,
1062 2659 1200 2733 ὑπεραίρει
1217 2661 1252 2714 Ο.

267 2753 310 2803 12.
337 2748 401 2819 τὴν]
421 2749 519 2812 εἰεΑΟ,
536 2748 668 2812 τοάςΒΙ),
686 2748 736 2808 τοὶς
748 2749 782 2802 Ο.
803 2743 816 2817 ΙΙ
836 2747 907 2813 τοῖς]
927 2747 974 2818 τῆς
993 2749 1049 2801 BD.
1132 2748 1175 2800 11.
1194 2749 1255 2800 ἑτέ-

267 2833 331 2906 ρως]
359 2839 448 2906 ἑτέρων
476 2837 509 2887 D.
539 2829 551 2902 ΙΙ
583 2832 672 2905 παρὰ]
701 2837 762 2907 περὶ
789 2834 843 2888 AC.
1004 2836 1046 2888 15.
1074 2831 1151 2904 ἡμῖν]
1179 2831 1253 2902 ἡμῶν

266 2923 324 2975 ἐστὶ
350 2921 381 2974 O.
490 2921 533 2972 17.
559 2919 710 2991 ἐξορκοῦσιν
728 2920 800 2973 Aen
819 2922 880 2987 Rag.

143 3138 148 3144 ·
198 3107 233 3164 de
249 3109 321 3163 iusto
339 3115 469 3173 statuunt,
488 3104 540 3162 alio
559 3115 648 3162 autem
666 3126 724 3162 nos.
768 3126 819 3163 nec
830 3109 927 3163 mirum
939 3109 963 3163 si
975 3126 1026 3163 nos
1038 3125 1168 3163 summam
1179 3103 1254 3162 illam

198 3202 226 3248 et
243 3201 361 3249 exactam
380 3190 492 3248 deorum
509 3194 638 3249 iustitiam
656 3196 684 3249 in
703 3192 903 3271 quamplurimis
921 3214 976 3250 non
994 3211 1175 3270 assequamur.

268 3276 375 3335 Deinde
393 3276 457 3354 quid
475 3279 588 3357 impedit
606 3300 659 3356 quo
678 3283 765 3336 minus
784 3280 822 3336 dii
839 3300 889 3359 per
911 3301 941 3337 se
958 3282 1102 3356 unicuique
1125 3289 1152 3335 et
1173 3276 1256 3333 simul

198 3374 400 3444 cnm‘reapectu
419 3363 453 3421 ad
470 3375 554 3422 totam
573 3368 718 3423 animamm
740 3369 927 3443 cognationem
949 3366 1021 3447 apud
1043 3387 1073 3423 ιε
1095 3375 1123 3422 et
1145 3362 1257 3440 quidem

196 3454 339 3530 praecipue
356 3453 399 3508 ius
411 3451 572 3509 decernant?
599 3457 624 3510 si
635 3456 707 3510 enim
718 3451 839 3509 eiusdem
850 3464 958 3510 naturae
971 3454 1121 3510 communio
1134 3453 1255 3509 existens

197 3540 267 3595 inter
285 3540 399 3606 animas,
423 3548 480 3595 tum
497 3541 526 3595 iu
545 3560 659 3618 corporo
676 3542 779 3618 positas
798 3549 854 3596 tum
876 3550 950 3599 extra
975 3560 1074 3618 corpus
1098 3540 1255 3605 existentes,

197 3621 409 3700 complexionem
428 3625 559 3700 quandam
576 3626 687 3683 eandem
706 3636 733 3682 et
751 3646 917 3683 communem
936 3629 1039 3684 cunctis
1059 3625 1143 3683 efficit
1163 3622 1196 3680 ad
1215 3633 1257 3679 to·

197 3719 253 3764 tam
269 3708 360 3765 mundi
378 3712 460 3767 vitam
477 3722 505 3767 ct
523 3711 653 3780 ordinem,
672 3715 752 3769 etiam
769 3733 880 3769 neccsse
898 3715 950 3769 erit
967 3714 1061 3770 iudicii
1073 3710 1256 3790 expletionem

198 3817 212 3850 a
230 3803 287 3850 tota
306 3799 490 3854 communione
509 3801 651 3878 expectari,
669 3802 829 3876 praesertim
846 3799 892 3855 ubi
909 3800 1062 3876 magnitudo
1075 3797 1208 3856 scelerum
1222 3797 1255 3852 ab

197 3901 250 3939 nna
267 3882 355 3937 anima
372 3882 549 3942 admissorum
567 3885 687 3955 excedit,
710 3886 782 3963 quod
800 3890 845 3943 uni
863 3887 949 3963 infligi
966 3889 1070 3964 possit,
1092 3883 1256 3963 supplicium

197 3970 250 4026 iata
266 3978 377 4047 peccata
395 3987 570 4048 consequens.
615 3975 640 4029 si
659 3975 719 4050 quis
738 3984 826 4031 autem
850 3983 957 4052 praeter
979 3971 1028 4030 has
1050 3972 1167 4028 adiicere
1188 3969 1257 4028 velit

198 4053 264 4111 alias
278 4054 462 4123 definitiones,
480 4077 529 4133 per
547 4078 613 4135 quas
632 4059 757 4116 ostendat
775 4059 848 4136 quod
867 4059 946 4115 aliter
964 4059 1035 4137 apud
1054 4057 1119 4115 deos
1138 4059 1203 4114 iusti
1216 4076 1257 4112 ra·

199 4142 285 4198 tiones
303 4162 334 4198 se
345 4141 462 4198 habeant
474 4162 554 4218 qnam
566 4143 637 4221 apud
648 4165 708 4213 nos,
727 4145 790 4203 inde
803 4166 911 4224 quoque
923 4144 956 4202 ad
968 4148 1121 4203 institutum
1133 4154 1257 4201 nostrum

201 4226 277 4285 nobis
296 4226 398 4305 aliquid
416 4230 467 4286 erit
486 4220 679 4306 opportunum
696 4230 763 4290 mihi
780 4243 869 4290 autem
882 4231 1021 4291 sufficiant
1032 4229 1165 4311 praedicti
1177 4251 1257 4288 cano·
