2776 4876
160 343 194 395 aa
1158 341 1208 405 ua
1234 418 1235 421 η

160 495 310 584 τάβλητα
338 494 425 563 κατά
451 519 485 578 τε
513 499 659 582 μέγεθος
685 500 742 563 καὶ
769 491 904 587 μορφὴν
932 499 990 562 καὶ
1017 498 1131 582 σχῆμα
1157 499 1217 562 καί

161 606 247 676 κατά
268 606 379 676 πάντα
400 603 443 674 τά
465 611 540 694 περὶ
561 603 793 686 αὐτοὸςόντα·
816 603 858 673 soi
871 609 906 674 (li
921 609 988 675 τῶν
1003 605 1216 694 ἀρχαγγίλων

161 718 384 802 πλησιάζοντα
407 731 477 799 τοῖς
498 724 564 786 τῶν
587 722 677 787 θεῶν
699 718 911 787 ἀπολείπεται
932 715 1041 786 αὐτῶν
1061 722 1122 800 τῆς
1134 718 1248 786 vet-a

161 829 313 913 τότητος·
329 827 371 899 τά
387 834 422 898 δὸ
436 837 502 899 τῶν
516 830 663 916 ἀγγέλων
677 834 733 898 καὶ
747 827 872 898 τούτων
886 835 976 897 ἐστίν
988 829 1216 922 ὁποδτίσττρα,

162 941 376 1029 ἀμετάβλητα
399 945 449 1008 δέ·
472 941 515 1010 τά
537 945 603 1009 τῶν
624 938 792 1026 δαιμόνων
814 937 1001 1008 λνδάλλιται
1021 936 1139 1009 ἀλλοτε
1159 941 1211 1009 ὁπ’

163 1055 266 1136 ἀλλης
287 1051 439 1140 ὁρώμενα
461 1057 594 1146 μορφῆς
615 1056 672 1118 καὶ
692 1049 821 1138 μεγάλα
842 1057 899 1120 καὶ
920 1049 1036 1141 μικρά,
1065 1048 1109 1120 τά
1130 1049 1249 1123 atria

163 1164 359 1257 φαινόμενα.
404 1169 461 1232 καὶ
483 1161 525 1246 δὴ
546 1167 602 1230 καὶ
623 1161 666 1230 τά
688 1168 754 1231 τῶν
775 1162 951 1252 ἀρχόντων,
973 1162 1040 1232 ὅσα
1053 1169 1113 1251 μίν
1128 1171 1217 1232 ἐστιν

163 1275 350 1365 ἡγεμονικά,
380 1276 590 1344 ἀναλλοίωτα
611 1270 757 1361 ὑπάρχει,
783 1271 826 1342 τά
848 1276 883 1342 δὲ
905 1277 1003 1342 ίννλα
1025 1274 1219 1343 ἀλλοιοῦται

163 1390 356 1467 πολυειδῶς·
385 1385 428 1454 cai
450 1391 485 1455 δὲ
505 1390 571 1454 τῶν
593 1383 709 1474 ἡρώων
729 1390 899 1473 προσέοικε
921 1398 992 1465 τοῖς
1013 1391 1077 1454 τῶν
1100 1383 1251 1472 ‹imni-t

164 1523 240 1578 νων,
262 1497 305 1565 τά
328 1502 363 1566 δὲ
384 1502 449 1565 τῶν
471 1502 586 1588 ψυχῶν
599 1500 659 1579 τῆς
679 1500 854 1582 δαιμονίας
874 1500 1062 1583 μεταβολῆς
1075 1497 1134 1566 oia
1150 1497 1218 1566 ὀλί-

164 1634 225 1694 γον
245 1616 346 1698 μέρος
365 1610 519 1702 ὁφιεῖσιν.
1162 1668 1164 1672 ⁴

248 1717 318 1787 Ἔτι
338 1725 451 1789 τοίνυν
477 1718 570 1802 τάξις
597 1725 653 1787 καὶ
680 1719 802 1808 ἠρεμία
829 1732 900 1800 τοῖς
928 1725 1025 1799 θεοῖς
1051 1719 1218 1812 προσήκει,
1236 1731 1269 1783 12

165 1841 235 1910 τοῖς
257 1833 292 1898 ὁὸ
313 1835 379 1901 τῶν
402 1831 612 1920 ἀρχαγγέλων
634 1828 834 1919 δραστήριον
862 1828 901 1899 τὸ
927 1835 987 1915 τῆς
1013 1831 1135 1915 τάξεως
1160 1837 1220 1901 καὶ

166 1942 304 2032 ἠρεμίας
324 1941 470 2031 ὑπάρχει,
491 1954 561 2022 τοῖς
583 1946 618 2010 δὲ
641 1931 791 2028 ἀγγίλοις
813 1943 871 2011 οὐκ
885 1943 1141 2030 ἀπηλλαγμένον
1154 1941 1218 2026 ἤδη

165 2052 320 2136 κινήσεως
341 2050 380 2121 τὸ
402 2058 702 2140 διακεκοσμημένον
723 2059 779 2122 καὶ
801 2054 960 2141 ἡσυχαῖον
981 2053 1129 2143 πάρεστι,
1159 2081 1219 2123 τα·
1238 2070 1269 2121 15

167 2163 253 2253 ραχη
277 2171 312 2234 δὲ
334 2170 391 2233 καὶ
412 2165 534 2248 ἀταξία
555 2176 625 2244 τοῖς
647 2169 829 2252 δαιμονίοις
844 2164 1000 2257 φάσμασι
1015 2170 1218 2236 συνακολου-

165 2281 232 2358 θεῖ,
253 2289 324 2357 τοῖς
346 2281 381 2345 δὲ
402 2281 468 2344 τῶν
489 2274 658 2366 ἀρχόντων
678 2274 765 2344 κατά
787 2276 889 2358 δόξαν
904 2284 1061 2365 ὁκατίραν
1077 2273 1123 2346 ὧν
1136 2304 1219 2367 προ-

166 2394 298 2476 είπομεν
321 2387 570 2476 ὁμολογούμενα
592 2396 764 2457 συνέπεται
785 2386 827 2454 τά
851 2385 1014 2478 ὁράματα,
1036 2387 1218 2478 θορυβώδη
1237 2399 1270 2451 18

235 2540 259 2590 6.
287 2534 381 2606 ἄλλης]
400 2532 459 2589 ἀλλ’
471 2537 504 2590 Β.
641 2542 665 2589 7.
693 2535 744 2604 τοὶ]
768 2540 839 2591 κατὰ
860 2538 938 2591 Act).
1083 2540 1107 2590 9.
1135 2539 1172 2590 τὰ
1191 2539 1219 2590 δὲ

235 2622 302 2691 τών]
325 2625 362 2677 uui
385 2614 458 2676 δἀἀ
480 2623 530 2675 τῶν
554 2618 617 2685 hl),
644 2624 680 2676 τά
700 2618 828 2676 δἀὗτῶν
853 2624 881 2675 C.
999 2626 1041 2678 12.
1067 2621 1164 2694 ἦρεμία
1188 2624 1218 2677 Β.

237 2710 279 2761 14.
304 2708 414 2781 ἠρεμίας
437 2709 467 2760 Β.
498 2702 510 2777 ΙΙ
540 2703 755 2779 ἀπηλλαγμένον]
783 2711 817 2760 sic
845 2709 929 2774 Act),
960 2705 1159 2779 ἀπηλλαγμένον
1186 2711 1219 2773 Β,

237 2788 442 2862 ἀπηλλαγμένοις
461 2795 494 2846 0.
516 2788 528 2862 ΙΙ
548 2791 614 2863 ἤδη]
632 2791 678 2864 ηδε
698 2793 738 2861 (εἰ
756 2815 829 2865 anper
846 2818 862 2864 η
881 2797 939 2848 add.
957 2797 1044 2848 eadm
1062 2794 1169 2863 manua)
1188 2800 1220 2858 A,

237 2892 294 2946 post
310 2877 430 2944 κινήσεως
448 2878 519 2947 pouit
537 2880 569 2930 0.
679 2884 720 2932 15.
748 2883 947 2951 διακεκοσμένον
966 2884 1010 2933 καὶ
1027 2880 1161 2948 ἡσυχαίων
1185 2884 1219 2935 D.

240 2965 281 3015 18.
309 2962 455 3035 θορυβώδη
474 2964 506 3016 Ο.

169 3082 304 3140 schemate
328 3084 504 3160 omnibusque
527 3085 561 3141 ad
583 3107 613 3142 se
631 3088 840 3164 pertinentibns;
864 3087 1014 3165 archangeli
1032 3088 1085 3144 diis
1103 3092 1221 3166 proximi

168 3170 296 3226 suntsed
313 3190 367 3226 non
385 3172 505 3247 aspirant
523 3171 556 3227 ad
575 3192 666 3228 eorum
683 3173 863 3240 identitatem
886 3173 1040 3250 angelorum
1062 3176 1222 3254 epiphaniae

169 3255 254 3313 adhuc
273 3256 417 3314 debiliores
436 3267 497 3313 suut
515 3257 565 3314 sed
582 3258 773 3327 immutabiles3
793 3259 934 3317 daemones
947 3273 1075 3338 apparent
1090 3262 1156 3320 alias
1169 3262 1222 3320 alia

168 3341 252 3398 forma
271 3345 411 3420 conspicui
428 3363 498 3400 nunc
516 3347 603 3419 magni
620 3366 690 3402 nunc
707 3348 792 3423 parri,
812 3346 859 3403 sed
877 3347 959 3404 iidem
977 3359 1170 3426 agnoseuutnr3
1194 3360 1223 3406 et

169 3429 310 3485 archontes
335 3428 407 3505 quod
431 3432 525 3487 attinet
548 3429 726 3488 immutabiles
749 3442 825 3500 sunt,
851 3443 985 3510 quotquot
1007 3457 1040 3492 ex
1064 3437 1098 3491 iis
1119 3436 1226 3497 mundo,

168 3524 305 3591 praesunt,
327 3517 410 3571 variis
428 3526 515 3574 autem
533 3516 620 3573 modis
638 3516 858 3574 transformantur
880 3521 900 3575 ii
918 3523 965 3596 qui
987 3525 1123 3581 materiam
1140 3525 1222 3600 parti·

170 3602 274 3676 cipant;
291 3599 386 3659 heroes
405 3603 563 3659 daemonum
580 3605 717 3659 imitantur
734 3607 928 3681 apparitiones;
947 3610 1048 3664 animae
1066 3610 1094 3665 in
1110 3609 1221 3666 mutabi-

170 3683 244 3741 litate
261 3684 403 3744 tlaemonas
421 3688 565 3766 plurimum
584 3699 737 3765 sequuntur.

237 3767 324 3829 ‚Porro
343 3771 381 3829 dii
399 3775 520 3833 ordinem
537 3787 565 3832 et
582 3778 698 3852 quietem
721 3778 749 3830 in
767 3779 979 3853 apparitionibus
1001 3779 1158 3847 ostendunt;
1181 3802 1221 3837 ar·

171 3854 292 3933 changeii
320 3856 503 3917 efficacitatem
531 3861 661 3939 qnanmm
675 3861 772 3919 ordini
795 3873 822 3918 et
846 3866 930 3939 quieti
952 3865 1093 3933 adhibent3
1120 3867 1221 3943 angelis

171 3942 375 3999 adostornatus
393 3956 420 4001 et
438 3947 615 4023 tranquillitas
637 3970 692 4005 non
714 3952 773 4006 sine
791 3958 880 4016 motu;
902 3950 1060 4009 daemonum
1083 3951 1222 4030 phasmata

171 4028 336 4108 perturbatio
360 4040 387 4084 et
413 4030 533 4088 conlusio
557 4036 690 4110 aequitum
718 4034 859 4094 archontes
886 4041 991 4115 utrique
1018 4060 1098 4116 quam
1125 4040 1159 4098 de
1186 4043 1221 4097 iis

172 4115 355 4192 praemisimus
374 4118 520 4173 sententiae
538 4123 720 4177 convenientia
743 4120 842 4180 habeut
859 4135 978 4201 spectra,
1002 4127 1127 4182 materiae
1148 4130 1221 4205 prin·

173 4202 247 4279 cipes
265 4200 386 4260 feruntur
404 4200 624 4272 tumultuabuudi
648 4208 739 4265 mnndi
763 4212 898 4288 principes
917 4232 977 4268 cum
995 4211 1141 4270 stabilitate
1158 4234 1221 4271 con·
