2776 4876
154 350 198 392 11.
535 335 678 414 Porphyrii
696 334 821 414 epistola.

98 506 139 568 32
244 493 355 562 Αὐταὶ
377 497 413 563 dt
436 500 471 561 αί
493 494 586 582 εὐχαὶ
607 497 684 560 τίνα
705 496 816 580 ίχουσι
837 489 954 577 λόγον,
983 487 1042 559 τὸν
1062 490 1098 572 ἐξ
1119 490 1209 570 ίλυος

131 654 133 658 ⁴
156 604 374 697 ἀναφανέντα
396 609 564 692 λέγουσαι,
593 610 649 673 καὶ
671 610 725 672 ἐπὶ
752 609 798 691 τῷ
820 608 912 689 λωτῷ
933 598 1130 690 καθήμενον
1151 605 1208 669 καὶ

156 721 211 785 aaz
240 722 359 786 πλοίου
385 717 641 804 ναυτιλίάμενον
672 721 729 784 καί
755 715 840 784 καθ’
865 712 957 805 άραν
985 709 1046 793 τάς
1073 708 1244 803 μορφὰςε

157 827 340 914 ἀμείβονται
369 834 425 896 καὶ
454 825 540 896 κατά
567 827 685 910 ζώὸιον
714 823 1092 916 μιτασχηματιζόμονον;
1123 821 1210 893 οὕτω

156 937 221 1026 γάρ
244 952 349 1032 Ιφασιν
372 941 625 1021 αὐτοατεῖσθαι,
648 941 846 1027 ἀγνοοῦντες
866 935 920 1006 ὅτι
941 934 979 1005 τὸ
995 937 1080 1005 ίδιον
1093 934 1211 1016 πάθος

154 1055 216 1134 τῆς
238 1053 348 1122 αὐτῶν
371 1057 561 1146 φαντασίας
589 1060 698 1138 ἐκείνῳ
720 1050 977 1141 προσάπτουσιν.
1022 1055 1050 1116 ελ
1071 1050 1106 1115 δὲ
1128 1069 1245 1137 pop-s
1300 1127 1304 1141 Ι

156 1165 297 1250 βολικῶς
319 1169 447 1251 λέγεται
467 1169 581 1243 ταῦτα,
604 1168 669 1230 τῶν
690 1170 814 1231 ἐκείνου
836 1159 1006 1247 δυνάμεων
1029 1157 1110 1228 ὄντα
1128 1146 1212 1251 σάμ-

100 1281 140 1342 33
160 1276 257 1361 βολα,
278 1272 341 1358 τὴν
366 1279 542 1365 ίρμηνείαν
570 1280 636 1344 τῶν
664 1273 841 1361 συμβόλων
868 1271 1062 1341 εἰπάτωσαν.
1108 1264 1212 1354 δῆλον

156 1381 221 1476 γάρ
243 1386 289 1466 ὡς
310 1396 338 1456 εί
359 1393 419 1455 τοῦ
432 1387 529 1468 ἡλίου
541 1380 585 1468 ἦν
600 1383 777 1467 τὸπάθος,
799 1384 957 1470 καθάπερ
974 1391 1009 1452 ὲν
1023 1396 1096 1462 ταῖς
1110 1385 1212 1451 exat
1225 1402 1246 1454 -υ

156 1515 244 1586 ψεσι,
265 1501 369 1567 πᾶσιν
391 1497 434 1568 ἀν
456 1497 561 1591 ὤφθη
585 1495 709 1567 ταάτὸν
731 1511 801 1576 τοῖς
823 1504 867 1576 είς
889 1493 993 1565 αὐτὸν
1018 1495 1211 1584 ἀτενίζουσι.

157 1611 191 1675 τί
214 1611 248 1674 dd
270 1614 327 1676 καὶ
348 1606 392 1676 τά
414 1608 529 1697 ἀσημα
550 1609 706 1699 βούλεται
728 1607 880 1696 ὀνόματα
902 1611 1045 1675 καὶτῶν
1072 1605 1213 1693 ἀσήμων

158 1715 202 1787 τά
229 1717 388 1810 βάρβαρα
415 1721 481 1812 πρὸ
512 1726 576 1791 τῶν
596 1719 724 1807 ἑκάστῳ
747 1725 891 1804 ολιιείωνς
920 1726 948 1786 ελ
974 1716 1039 1808 γάρ
1066 1715 1151 1806 πρὸς
1172 1712 1212 1784 τὰ
1231 1733 1266 1785 12

159 1829 409 1920 σημαινόμενον
438 1833 555 1925 ἀφορᾷ
583 1829 621 1900 τὸ
644 1832 782 1913 ἀκοῦον,
808 1829 975 1921 αὐτάρκης
1001 1831 1023 1912 ἡ
1045 1825 1131 1912 αὐτὴ
1153 1835 1212 1916 μί-

158 1964 264 2011 νουσα
286 1947 574 2035 ίννοιαηδηλῶσαι,
601 1939 665 2012 κάν
692 1944 870 2012 ὁποιονοῦν
896 1941 1025 2036 ὑπάρχῃ
1053 1937 1212 2027 τοῦνομα.

159 2053 199 2120 οὐ
226 2051 290 2144 γάρ
312 2080 378 2123 που
400 2061 456 2124 καὶ
485 2057 503 2124 ὁ
533 2053 733 2142 καλούμενος
756 2054 937 2141 Αλγύπτιος
965 2047 1008 2138 ἦν
1036 2057 1082 2140 τῷ
1112 2058 1213 2140 γένει·
1233 2077 1267 2128 15

160 2171 188 2231 ελ
218 2169 252 2234 δὲ
281 2171 338 2234 καὶ
366 2168 560 2254 Αἰγύπτιος,
589 2167 662 2235 ἀλλ’
688 2164 760 2235 οὔτι
787 2193 824 2253 γε
853 2170 1022 2253 Αἰγυπτία
1047 2164 1216 2255 χρώμενος

160 2282 262 2370 φωνῇ,
286 2277 357 2348 οὐδ’
376 2279 576 2370 ἀνθρωπεία
599 2275 682 2357 ὅλας
699 2276 876 2368 χρώμενος.

230 2433 254 2486 3.
282 2432 394 2500 πλοίου]
413 2433 448 2486 sie
465 2435 558 2487 Jnmbl.
578 2435 603 2497 7,
622 2436 647 2497 2,
674 2438 767 2488 πλοῖον
785 2435 878 2486 Euseb.
898 2433 969 2486 Gale.
1069 2435 1094 2487 6.
1120 2429 1216 2486 ὅτιτὸ

230 2540 281 2572 om.
301 2520 373 2573 Gale.
447 2522 488 2574 16.
517 2524 544 2574 ἀὲ
562 2541 613 2572 om.
632 2521 704 2573 Gale.

160 2630 264 2684 Fontes:
303 2630 383 2699 §.32
411 2632 505 2683 Jambl.
525 2632 549 2693 7,
568 2635 584 2683 2
603 2645 625 2682 et
644 2633 668 2682 4.
780 2627 860 2697 ξ.33.
885 2630 980 2681 Jambl.
999 2628 1025 2691 7,
1043 2629 1060 2680 4
1078 2644 1100 2680 et
1119 2631 1144 2682 5.

102 2749 142 2810 32
233 2748 293 2805 Jam
316 2770 382 2806 vero
405 2771 501 2828 preces
524 2749 589 2827 quid
612 2748 718 2806 tandem
741 2751 853 2805 rationis
876 2748 987 2816 habent,
1010 2769 1079 2825 quae
1101 2747 1217 2804 eundem

160 2833 246 2891 solem
264 2844 310 2891 aut
328 2857 361 2892 ex
378 2834 442 2891 limo
461 2857 596 2913 emergere
619 2847 664 2892 aut
686 2834 744 2891 loto
767 2835 885 2892 insidere
906 2846 952 2892 aut
974 2837 1079 2912 navigio
1101 2834 1217 2912 provehi

160 2931 206 2976 aut
223 2920 336 2998 singulis
354 2921 430 2978 horis
447 2921 559 2979 formam
577 2933 740 2979 commutare
758 2933 803 2978 aut
821 2923 967 2979 seeundum
985 2919 1106 2977 animalia
1124 2919 1216 2977 vultus

159 3006 272 3064 induere
289 3008 461 3086 praedicant?
487 3011 587 3087 quippe
603 3008 685 3065 talem
703 3029 764 3066 eum
782 3030 796 3063 a
815 3008 895 3066 nobis
914 3009 1001 3064 videri
1018 3010 1047 3063 in
1058 3009 1218 3085 sserispro·

159 3095 292 3162 nuntiant,
310 3115 398 3170 neque
416 3093 568 3173 intelligunt
585 3097 724 3172 proprium
736 3114 798 3151 sese
810 3093 851 3151 illi
864 3097 1033 3172 cogitationis
1046 3114 1110 3150 suae
1120 3095 1218 3150 vitium

157 3189 189 3237 et
208 3200 327 3237 errorem
344 3180 478 3257 affingere.
523 3184 570 3257 qui
588 3183 612 3237 si
631 3181 665 3238 ad
682 3179 857 3256 symboliosm
875 3184 1023 3237 orationem
1041 3179 1217 3258 confugerint,

159 3270 239 3343 quasi
257 3267 390 3324 eiusmodi
413 3268 485 3322 notis
507 3270 597 3323 variae
615 3266 682 3323 solis
705 3265 846 3325 faerdtates
868 3267 1038 3325 adumbratae
1060 3261 1217 3335 habeantur,

160 3363 284 3409 notarum
310 3374 374 3430 ergo
401 3373 508 3409 suanam
534 3355 589 3408 vim
611 3352 653 3410 illi
679 3353 758 3410 nobis
785 3364 812 3410 et
838 3355 1061 3432 significationem
1086 3355 1217 3433 aperiant

104 3442 143 3502 33
162 3443 311 3507 enimvero,
329 3442 354 3496 si
372 3438 594 3516 quemadmodum
612 3442 640 3496 iu
658 3438 853 3496 defectionibus
871 3445 1016 3519 contingit,
1040 3441 1156 3520 aliquam
1173 3439 1218 3496 soi

161 3529 222 3602 ipse
239 3528 415 3583 mutationum
438 3529 549 3582 istarum
567 3525 683 3594 subiret,
706 3526 778 3583 idem
800 3527 834 3583 ab
856 3528 980 3585 omnibus
1003 3532 1049 3606 qui
1073 3527 1168 3586 oculos
1188 3529 1218 3583 in

162 3630 222 3666 eum
239 3610 415 3681 intenderent,
433 3616 542 3669 omniuo
560 3611 705 3670 videremr.
753 3615 806 3669 iarn
824 3633 952 3690 quorsum
966 3624 1009 3671 tot
1020 3615 1218 3692 significatione

162 3698 279 3753 carentia
297 3701 422 3755 nomine?
449 3720 578 3777 quorsum
594 3720 628 3757 ex
646 3699 742 3756 iisdem
753 3700 866 3756 barbam
878 3699 1006 3778 pleraque
1017 3704 1118 3780 potius,
1138 3719 1217 3777 quam

160 3803 231 3860 quae
247 3786 357 3861 propria
375 3788 517 3862 unicuique
535 3796 605 3855 snut,
623 3786 770 3864 usurpant?
797 3807 859 3843 narn
877 3789 901 3844 si
917 3805 1024 3854 numen,
1044 3788 1107 3844 dum
1122 3807 1218 3844 vocem

161 3868 280 3938 exaudit,
299 3872 356 3926 eius
374 3869 409 3926 ad
426 3873 648 3947 significationem
665 3875 786 3951 respicit,
805 3873 927 3951 profesto
945 3877 1021 3931 euius
1033 3872 1142 3929 tandem
1154 3893 1218 3929 eun-
1304 3914 1307 3921 .

164 3977 216 4033 que
234 3954 307 4011 modi
326 3975 415 4011 sermo
434 3956 520 4025 fuerit,
539 3962 563 4015 si
581 3961 662 4016 modo
681 3960 775 4016 eadem
791 3965 923 4017 sententia
936 3961 1072 4027 manserit,
1091 3963 1219 4038 setisper

163 4063 224 4099 sese
242 4062 299 4098 rem
316 4041 363 4098 illa
381 4052 465 4101 totam
483 4049 596 4121 aperiet.
640 4068 690 4104 neo
712 4049 784 4105 sulm
801 4049 839 4115 is,
861 4049 972 4124 opinor,
994 4067 1074 4123 quem
1096 4056 1219 4114 evocant,

91 4162 99 4179 ι
163 4128 312 4208 Aegyptius
330 4139 389 4186 erat
406 4150 511 4206 genere,
528 4151 579 4187 nse
597 4133 621 4187 si
639 4143 703 4200 erat,
722 4133 810 4211 lingua
828 4144 917 4190 tamen
936 4136 1089 4212 aegyptiaca
1107 4133 1151 4190 vel
1165 4154 1220 4190 om·

159 4219 228 4280 ,nino
247 4218 359 4274 humens
376 4237 444 4274 vose
461 4216 592 4274 utebatur.
