2776 4876
197 329 249 383 192
1199 335 1252 400 ί,9

195 509 245 562 τις
267 481 334 552 ἀπὸ
356 489 421 551 τῶν
444 482 530 551 ὅλων
552 484 573 566 ἡ
596 488 655 570 μὲν
678 482 861 572 συμπαθὴς
883 485 966 552 καθ’
986 483 1171 572 ὁμοιότητα
1186 491 1254 556 τῶν

196 593 364 682 δυνάμεων
392 595 414 677 ἡ
444 599 478 663 δὲ
507 595 579 663 κατ’
604 594 850 680 ἐπιτηδειότητα
879 602 938 665 τοῦ
966 601 1141 676 ποιοῦντος
1169 595 1255 688 πρὸς

196 703 233 774 τά
256 704 385 794 πάσχον
407 704 580 790 πολυειδὴς
601 712 741 789 ποίησις.
780 707 900 776 οὐκοῦν
921 718 1123 795 σωματικαῖς
1145 707 1253 796 ἀνάγ·
1272 726 1288 778 3

193 841 267 895 καις
289 821 463 905 συμβαίνει
485 815 559 886 τινά
581 822 655 908 περὶ
676 817 719 886 τά
740 827 823 908 μέρη
846 815 932 887 κακά
954 824 1010 888 καὶ
1034 818 1185 907 ὀλέθρια,
1209 821 1254 900 ὡς

194 932 254 1016 μὲν
283 925 367 1015 πρὸς
394 927 438 996 τά
466 927 530 997 ὅλα
558 933 614 997 καί
642 927 704 1012 τὴν
730 931 897 1021 ἁρμονίαν
925 935 986 999 τοῦ
1013 927 1140 1010 παντὸς
1170 927 1254 1004 ὄντα

195 1037 341 1126 σωτήρια
368 1044 425 1108 καὶ
453 1039 590 1126 ἀγαθά,
623 1051 693 1121 τοῖς
727 1044 761 1110 δὲ
789 1048 921 1129 μέρεσιν
956 1042 1144 1137 ἀναγκαίαν
1176 1041 1291 1117 τινάε

195 1150 338 1246 φθοράν
358 1149 535 1239 ἐπάγοντα,
562 1149 652 1239 dani
679 1148 725 1239 μὴ
754 1152 927 1222 δύνασθαι
955 1160 1068 1247 φέρειν
1095 1150 1157 1233 τάς
1186 1158 1253 1223 τῶν

195 1261 282 1333 ὅλων
304 1267 476 1353 ἐνεργείας,
497 1260 520 1346 ἢ
542 1260 624 1358 άλλη
646 1270 710 1332 τινὶ
733 1265 883 1352 σνμμίξει
904 1269 961 1332 καὶ
975 1262 1089 1352 κράσει
1110 1267 1171 1348 τῆς
1185 1264 1249 1357 ἀφ’

194 1378 318 1443 ἑαυτῶν
340 1374 535 1456 ἀσθενείας,
564 1371 646 1456 ded
675 1381 789 1465 τρίτον
816 1377 1023 1467 ἀσυμμετρία
1049 1381 1115 1445 τῶν
1143 1380 1291 1463 μερῶνυ

193 1481 278 1576 πρὸς
300 1481 437 1569 ἀλληλα.

157 1599 177 1657 9
284 1595 383 1666 Marde
406 1603 440 1667 δὲ
462 1599 502 1667 τὸ
524 1603 620 1686 σῶμα
642 1603 701 1668 τοῦ
722 1597 847 1678 παντὸς
869 1597 937 1667 ἀπὸ
959 1604 1018 1682 τῆς
1040 1598 1170 1692 φάσεως
1193 1599 1255 1667 αὐ-

194 1712 255 1777 τοῦ
277 1707 384 1777 πολλά
406 1715 545 1797 γίνεται·
569 1715 625 1778 καὶ
647 1709 712 1798 γάρ
735 1710 756 1791 ἡ
780 1716 957 1805 συμφωνία
972 1714 1037 1780 τῶν
1054 1711 1182 1798 ὁμοίων
1196 1715 1254 1779 καὶ
1274 1726 1308 1775 12

193 1820 216 1902 ἡ
239 1823 429 1899 ἐναντίωσις
450 1823 516 1888 τῶν
537 1819 706 1906 ἀνομοίων
730 1820 947 1911 ἀπεργάζεται
969 1822 1030 1891 οὐκ
1052 1821 1159 1908 ὀλίγα.
1206 1827 1255 1890 ἔτι

195 1934 230 2000 δέ
251 1932 272 2013 ἡ
296 1935 362 1999 τῶν
383 1934 514 2000 πολλῶν
537 1929 676 2010 σύνοδος
699 1939 743 2012 είς
764 1936 799 2000 ἓν
821 1929 860 2002 td
882 1938 942 2002 τοῦ
956 1929 1081 2013 παντὸς
1095 1936 1180 2014 ζῶον
1195 1939 1255 2002 καὶ

195 2048 231 2110 ol
253 2041 406 2130 δυνάμεις
428 2047 463 2111 δὲ
485 2050 520 2111 αἱ
543 2050 578 2112 ἐν
600 2048 646 2130 τῷ
659 2043 773 2131 κόσμῳ
790 2043 868 2114 ὅσαι
881 2052 961 2113 ποτέ
975 2052 1041 2110 είσι
1053 2048 1110 2109 καὶ
1125 2044 1253 2125 ὁποῖαι,
1273 2064 1306 2115 15

195 2150 277 2222 ἀλλο
300 2159 360 2240 μὲν
383 2155 426 2234 ὡς
447 2157 559 2233 ἁπλαῖς
582 2164 682 2222 είπεῖν
704 2159 756 2221 ἐπὶ
786 2159 851 2221 τῶν
879 2153 978 2233 ὅλων,
1007 2160 1119 2242 ἕτερον
1147 2153 1177 2220 δ’
1198 2159 1253 2223 ἐπὶ

193 2270 260 2334 τῶν
291 2268 401 2354 μερῶν
434 2268 616 2333 ἐπιτελοῦσι
647 2261 703 2331 διά
731 2262 791 2346 τὴν
818 2267 884 2330 τῶν
911 2269 1019 2351 μερῶν
1049 2266 1251 2358 διῃρημένην,

195 2377 394 2446 ἀσθένειαν·
424 2376 497 2446 οἷον
518 2376 540 2458 ἡ
565 2379 661 2468 φιλία
682 2379 743 2443 τοῦ
765 2372 890 2454 παντὸς
911 2379 967 2443 καὶ
990 2376 1009 2443 ὁ
1032 2381 1112 2464 ἔρως
1133 2381 1190 2444 καὶ
1210 2375 1252 2445 τὸ
1271 2391 1306 2444 18

193 2498 300 2568 νεῖκος
321 2488 394 2556 κατ’
414 2495 579 2578 ἐνέργειαν
599 2492 660 2574 μὲν
683 2484 765 2555 ὅντα
787 2494 822 2554 ἐν
844 2489 891 2572 τῷ
913 2491 1028 2568 παντί,
1055 2487 1251 2575 παθήματα

266 2707 290 2759 2.
320 2705 508 2775 ἐπιτηδεύσητα
527 2706 560 2757 0.
644 2708 668 2758 δ.
696 2698 809 2770 οὐκοῦν]
829 2706 852 2756 εί
869 2707 915 2771 μὲν
934 2693 981 2755 οὖν
1004 2703 1037 2756 Ο.
1122 2707 1146 2758 o.
1174 2706 1251 2773 τινὰ]

266 2792 300 2844 sic
315 2791 369 2858 Ae,
387 2812 440 2845 om.
459 2794 493 2845 0.
571 2794 595 2844 7.
624 2791 710 2862 φοροὶν
728 2789 759 2842 Β.
781 2783 794 2857 ΙΙ
816 2785 962 2857 ἐπάγονται
980 2788 1014 2841 0.

194 3007 335 3065 descendit
353 3017 440 3063 antem
458 3005 583 3063 facillime
600 3007 645 3063 vel
663 3019 775 3086 propter
796 3005 1069 3064 accommodationem
1091 3009 1194 3084 agentis
1218 3007 1253 3063 ad

193 3095 307 3173 patiens.
356 3096 488 3171 igiturex
511 3095 633 3171 corporis
656 3094 862 3151 necessitatibus
884 3091 953 3149 mala
976 3092 1064 3169 aliqua
1087 3091 1132 3151 vel
1156 3092 1252 3149 damna

193 3181 315 3259 partibus
334 3181 471 3249 accidunt,
494 3181 560 3236 totis
579 3180 689 3257 quidem
705 3190 733 3236 et
754 3181 875 3237 universi
897 3179 1052 3236 harmoniae
1073 3179 1200 3235 salutaria
1225 3190 1253 3237 et

194 3287 320 3336 consona,
337 3267 459 3345 partibus
477 3287 543 3323 vero
562 3269 714 3324 necessario
734 3267 934 3343 corruptionem
952 3263 1107 3334 adimentia,
1125 3264 1171 3322 rel
1184 3285 1250 3342 qno-

193 3356 264 3412 niam
280 3365 416 3432 neqneunt
433 3357 504 3411 vires
522 3355 709 3409 universorum
726 3354 873 3420 sustinere,
896 3349 939 3407 vel
961 3363 1074 3431 propter
1097 3352 1252 3409 mistionem

194 3451 222 3498 et
239 3451 446 3520 temperaturam
463 3441 590 3520 propriae
608 3437 810 3505 imbecillitatis,
830 3436 874 3494 rel
891 3439 972 3493 tertio
992 3440 1117 3514 qnoniam
1127 3456 1182 3493 non
1194 3459 1253 3494 ser·

192 3538 270 3584 vatur
288 3531 360 3585 inter
376 3538 467 3606 partes
484 3527 634 3604 proportio.

155 3610 176 3668 9
263 3613 343 3670 Adde
362 3613 434 3691 quod
451 3623 557 3692 praeter
569 3614 658 3690 ipsum
670 3609 762 3666 mundi
774 3629 872 3687 corpus
885 3610 968 3667 multa
980 3620 1073 3688 potest
1085 3612 1144 3689 ipsa
1156 3609 1251 3666 mundi

192 3707 286 3754 natura
297 3719 430 3775 generare.
474 3719 536 3755 nam
552 3708 582 3754 et
594 3695 721 3754 similium
734 3695 877 3753 concordia
891 3706 918 3752 et
929 3696 1065 3753 discordia
1077 3695 1252 3752 dissimilium

193 3803 248 3839 non
269 3805 353 3863 panea
375 3796 507 3863 operatur.
556 3794 694 3862 praeterea
716 3781 859 3840 multarum
881 3784 910 3838 in
932 3803 1015 3839 unum
1036 3781 1129 3840 mundi
1151 3781 1252 3838 animal

193 3873 274 3928 coitio
293 3880 321 3926 et
338 3874 472 3950 potentiae
489 3874 611 3948 rigentes
628 3872 656 3926 in
674 3879 733 3926 toto
751 3867 850 3925 mundo
869 3879 1042 3946 quotcunque
1062 3867 1171 3924 tandem
1194 3869 1252 3924 sint

193 3968 221 4016 et
238 3956 341 4035 quales,
361 3956 434 4014 aliud
452 3959 559 4035 quidem
577 3960 605 4015 in
623 3959 688 4014 totis
706 3967 737 4012 ut
754 3954 914 4035 simpliciter
932 3955 1028 4023 dicam,
1050 3953 1124 4011 aliud
1142 3955 1171 4011 in
1188 3974 1253 4031 par-

192 4045 265 4102 tibus
283 4053 364 4122 agunt
381 4053 493 4121 propter
509 4044 666 4122 dissipatam
682 4045 798 4121 partium
809 4040 1027 4100 imbecillitatem.
1072 4041 1114 4097 sic
1131 4041 1251 4096 amicitia

193 4135 276 4189 totius
294 4143 322 4189 et
339 4150 415 4188 amor
432 4139 460 4185 et
478 4131 615 4187 contentio
633 4132 661 4186 in
678 4139 736 4185 toto
756 4128 864 4205 quidem
882 4139 945 4185 sunt
963 4128 1095 4194 actiones,
1119 4128 1147 4182 in
1164 4126 1251 4202 parti·

192 4215 243 4274 bus
261 4219 295 4277 de
311 4223 347 4277 iis
368 4213 590 4295 participantibus
613 4218 755 4293 passiones
778 4214 901 4273 evadunt.
946 4216 1011 4271 item
1035 4232 1103 4288 quae
1126 4213 1155 4267 in
1178 4210 1251 4267 ideis
