2776 4876
209 360 261 423 7,2
434 366 436 371 ’
1207 356 1260 410 151

210 509 294 590 εἶδος
316 515 374 591 τῆς
397 505 525 600 φύσεως
547 503 630 594 μετά
651 511 717 577 τῶν
738 505 892 574 ἀστάτων
914 510 971 588 τῆς
993 502 1074 588 ὕλης
1089 507 1263 595 ῥευμάτων

210 618 469 715 συμφερόμενον,
491 615 513 703 ἢ
535 618 618 687 ὅσον
639 615 698 687 τόν
719 615 873 705 ποταμὸν
899 622 958 699 τῆς
979 622 1133 702 γενέσεως
1151 634 1260 708 χωρεῖ,

174 736 265 804 ικαὶ
296 727 378 799 αὐτό
408 731 478 814 μετ’
505 736 628 799 ἐκείνου
657 726 838 811 συνιζάνον,
866 724 888 809 ἢ
917 734 981 795 τῶν
1010 732 1177 816 στοιχείων
1204 735 1260 798 καὶ

209 849 274 911 τῶν
295 846 371 928 περὶ
392 853 462 921 τοῖς
483 848 655 928 στοιχείοις
677 837 846 926 δυνάμεων
860 843 976 907 πασῶν
992 839 1139 926 ἀρχηγόν
1153 841 1261 909 αἴτιον

209 963 244 1023 έν
272 958 445 1039 πυθμένος
473 951 561 1038 λόγῳ
587 955 874 1042 προόποιιείμενον.
920 947 1072 1018 τοιούτου
1101 954 1135 1018 δὲ
1164 949 1261 1030 όυτος

174 1065 322 1145 εαυτοῦ,
344 1065 363 1131 ὁ
386 1069 445 1144 τῆς
467 1070 622 1149 γενέσεως
642 1066 698 1128 καὶ
719 1060 848 1154 φύσεως
870 1059 950 1142 ὅλης
971 1065 1027 1129 καὶ
1050 1067 1115 1129 τῶν
1137 1070 1175 1131 έυ
1190 1075 1261 1142 τοῖς

210 1179 381 1261 στοιχείοις
403 1170 572 1260 δυνάμεων
594 1175 710 1240 πασῶν
733 1174 838 1251 αἴτιος
853 1171 944 1253 θεός,
967 1169 1025 1238 ἀτε
1040 1169 1081 1254 δὴ
1098 1173 1261 1264 ὑπερέχων

209 1284 333 1354 τούτων
356 1283 457 1363 ἀυλος
484 1289 539 1352 καὶ
563 1282 739 1370 ἀσώματος
759 1288 816 1351 καὶ
837 1282 1005 1375 ὑπερφυὴς
1026 1282 1205 1370 ἀγέννητὸς
1228 1311 1260 1353 τε

175 1401 265 1472 aaut
298 1395 475 1484 ἀμέριστος
508 1393 585 1473 ὅλος
613 1395 648 1475 έξ
677 1397 810 1474 ἑαυτοῦ,
840 1399 898 1462 καὶ
928 1401 963 1462 έν
992 1399 1099 1482 ἑαυτῷ
1127 1393 1261 1488 ἀφανὴς

209 1518 402 1594 προηγεῖται
424 1504 558 1574 πάντωυ
580 1503 712 1586 τούτων,
735 1509 791 1572 καὶ
807 1512 842 1571 έν
856 1511 961 1591 ἑαυτῷ
976 1502 1019 1573 τά
1035 1506 1099 1574 όλα
1113 1514 1260 1595 περιέχει

210 1624 266 1686 καὶ
289 1617 373 1687 διότι
394 1622 453 1704 μὲν
475 1620 651 1707 συνείληφε
678 1614 788 1684 πάντα
815 1621 871 1683 καὶ
899 1621 1117 1702 μεταδίδωσιν
1143 1623 1262 1686 ἑαυτοῦ

158 1751 192 1801 12
211 1741 280 1809 τοῖς
294 1743 462 1815 κοσμικαῖς
477 1726 575 1808 ὅλοις,
597 1734 631 1807 ἐξ
646 1727 755 1795 αὐτῶν
770 1725 939 1818 ἀνεφάνη·
963 1727 1048 1795 διότι
1071 1729 1100 1794 δ’
1115 1728 1261 1816 ὑπερέχει

210 1848 276 1910 τῶν
298 1840 384 1909 ὅλων
406 1844 462 1908 καὶ
484 1839 567 1906 καθ’
587 1834 705 1906 ἑαυτὸν
723 1835 962 1925 εὐεερήπλωται,
983 1839 1207 1929 ἀναφαίνεται
1220 1840 1264 1918 ὡς

209 1949 368 2042 χωριστὸς
383 1952 580 2044 ἐξηρτημένος
594 1955 755 2036 μετέωρος
768 1953 823 2016 καὶ
838 1949 923 2016 καθ’
938 1948 1057 2018 ἑαυτὸν
1072 1950 1262 2038 ὑπερηπλω·

158 2088 191 2138 15
210 2070 309 2151 μένος
331 2067 396 2131 τῶν
418 2069 453 2128 έν
476 2064 522 2144 τῷ
543 2058 656 2146 νόσμφ
678 2058 848 2147 δυνάμεόν
870 2067 981 2128 τεκαὶ
1003 2066 1181 2149 στοιχείων.

300 2175 541 2263 Συμμαρτυρεῖ
563 2174 597 2238 δὲ
618 2169 724 2256 τούτῳ
752 2170 869 2238 καὶτὸ
898 2171 973 2252 ἑξῆς
1001 2171 1179 2283 σόμρμιλον.
1224 2171 1263 2240 τό

211 2281 276 2373 χάρ
306 2288 358 2351 έπὶ
388 2287 480 2368 λωτῷ
509 2283 719 2361 καθέζεσθαι
747 2278 910 2368 ὑπεροχήν
939 2305 973 2347 τε
994 2281 1075 2370 ὑπὲρ
1103 2277 1164 2362 τὴν
1193 2278 1263 2350 ὶλάν
1363 2271 1377 2293 ’

282 2448 308 2501 3.
334 2451 445 2501 ελιιεένου
464 2447 495 2498 0.
587 2444 610 2495 9.
639 2437 750 2513 ἀφανεῖς
770 2441 799 2504 C,
826 2437 938 2512 ἀφανείς
956 2439 1033 2509 (corr.
1051 2464 1089 2512 pr.
1110 2462 1176 2495 man.
1195 2438 1265 2496 ἀνα-

282 2529 433 2602 aoraton,
451 2528 596 2600 ἀναφανεὶς
610 2532 639 2581 Α.
712 2530 753 2580 11.
778 2525 992 2595 ἑαυτοῦῙὲαυτῷ
1012 2530 1042 2580 Α.
1115 2531 1156 2582 13.
1180 2525 1264 2595 καθ’]

282 2614 350 2688 μεθ’
370 2619 402 2668 D.
477 2619 573 2669 1415.
601 2615 801 2685 περηπλωμένος
819 2613 847 2664 C.
927 2615 968 2666 17.
997 2616 1165 2671 ιιαθέξεσθαι
1184 2615 1262 2666 acl).

294 2698 333 2772 ud
350 2706 394 2756 tat
411 2702 497 2756 λωτοῦ
515 2699 668 2770 καθήμενος
686 2697 811 2767 epitheton
834 2712 869 2750 est
887 2699 989 2751 Amoris
1006 2699 1110 2771 mystici.
1143 2701 1264 2764 diensem,

283 2790 345 2842 leur.
367 2791 390 2840 1.
408 2809 434 2860 p.
451 2788 491 2841 13.
522 2786 645 2839 nonnulla
663 2784 810 2857 Pherecydis
826 2787 961 2850 fragmenta
978 2787 1027 2837 huc
1045 2785 1167 2855 pertinere
1183 2801 1265 2838 censet
1354 2809 1358 2816 ¹

282 2877 357 2939 Roth,
376 2882 411 2940 ἃς.
426 2875 519 2927 Gianb.
540 2875 597 2927 Not.
613 2874 670 2926 160.
690 2891 716 2941 p.
728 2873 788 2925 123.
802 2872 861 2924 124.
883 2865 896 2942 u
918 2869 981 2943 ὑπὲρ
993 2873 1040 2940 την
1053 2870 1122 2940 itta]
1135 2871 1171 2924 sic
1184 2873 1264 2938 ACD,

281 2965 327 3013 καὶ
344 2965 392 3029 την
411 2961 485 3026 ι’σχάν
505 2960 536 3012 0.

213 3108 302 3165 tutam,
326 3099 390 3152 item
409 3096 537 3172 quicquid
555 3106 597 3152 est
616 3095 687 3173 quod
706 3096 821 3172 suscipit
838 3098 1016 3171 generationis
1035 3106 1137 3152 aestum
1159 3108 1265 3156 etcum

212 3204 244 3239 eo
263 3182 404 3250 coincidit‚
430 3180 554 3258 denique
567 3193 623 3238 tum
646 3182 836 3239 elementorum
858 3191 915 3237 tum
936 3184 1054 3237 omnium
1076 3184 1103 3236 in
1125 3181 1265 3241 elementis

212 3278 375 3346 potestatum
394 3278 499 3324 oausam
517 3271 630 3346 primam
648 3277 675 3324 et
692 3265 930 3323 fundamentalem
966 3269 1003 3322 ita
1022 3288 1052 3323 se
1069 3266 1150 3324 habet
1166 3268 1264 3337 lutum3

213 3354 261 3410 sed
279 3354 345 3411 deas
364 3357 447 3410 totins
465 3364 574 3411 naturae
592 3362 620 3408 et
637 3355 815 3428 generationis
833 3361 1050 3429 potestatumque
1066 3352 1265 3412 elementarium

213 3443 330 3496 omnium
347 3461 427 3496 eausa
445 3439 488 3494 hia
506 3439 630 3494 omnibns
649 3440 845 3515 superiorem,
869 3448 896 3495 et
914 3440 1039 3495 universa
1056 3442 1085 3494 in
1102 3459 1133 3494 se
1150 3439 1266 3518 complo-

213 3529 307 3590 otitur;
325 3535 368 3581 est
384 3527 456 3580 enim
473 3523 516 3580 his
534 3525 714 3600 praestantior
731 3523 913 3581 immaterialis
931 3527 1107 3601 incorporeus
1126 3545 1207 3603 snper
1222 3548 1266 3583 na·v

212 3621 299 3666 turam
316 3611 451 3684 ingenitos
468 3609 610 3676 indivisus,
633 3618 706 3666 totus
724 3631 739 3666 a
758 3612 882 3688 seipso,
906 3612 934 3666 in
952 3630 983 3666 ao
1004 3612 1065 3688 ipso
1084 3611 1264 3670 absconditus.

213 3706 241 3752 et
259 3696 384 3771 quoniam
402 3696 430 3749 in
448 3715 479 3751 se
496 3693 684 3772 complectitor
701 3699 790 3752 omnia
807 3716 892 3772 seque
908 3698 968 3774 ipre
986 3699 1014 3753 in
1033 3699 1156 3755 omnibns
1173 3701 1266 3758 mnndi

212 3781 334 3860 partibus
352 3783 543 3846 communicat,
566 3800 600 3836 ex
618 3783 652 3838 iis
669 3781 769 3850 eluxit;
794 3783 919 3858 quonian
940 3803 1005 3838 vero
1025 3783 1151 3840 omnibns
1174 3804 1266 3864 snper·

214 3870 313 3925 eminet
332 3877 359 3922 et
376 3865 451 3922 solus
470 3885 553 3942 snper
570 3866 621 3922 alia
639 3868 808 3946 expanditur,
826 3887 875 3943 per
891 3865 944 3923 hoc
962 3867 1120 3938 ostenditur,
1139 3873 1212 3947 quod
1230 3876 1266 3929 sit

214 3964 353 4031 separatos
371 3962 511 4029 exemptus
530 3951 653 4008 sublimis
672 3963 699 4009 et
717 3973 766 4030 per
784 3972 815 4007 εε
832 3950 912 4026 longe
927 3953 1077 4031 explicatus
1095 3977 1177 4034 snper
1193 3978 1266 4015 mun·

214 4040 295 4096 dunas
314 4048 462 4115 potestates
481 4048 509 4094 et
527 4037 664 4094 elementa.

285 4123 435 4180 Confirmat
452 4122 519 4180 haee
537 4126 617 4180 etiam
634 4142 748 4199 sequens
766 4122 925 4205 symbolum,
949 4126 1021 4202 qnod
1040 4130 1110 4183 enim
1128 4147 1210 4206 super
1228 4128 1265 4185 io

215 4221 274 4269 tum
292 4211 358 4267 deus
376 4210 469 4268 sedeat
487 4210 539 4267 hoc
557 4211 672 4266 obscura
689 4209 822 4285 siguificat
839 4213 895 4267 eius
907 4210 1085 4289 superlatum
1095 4215 1265 4274 eminentiam
