2776 4876
220 340 275 392 270
1223 329 1250 394 8,
1262 332 1278 382 7

222 497 431 578 εἱμαρμένην,
453 493 487 554 αἱ
511 488 540 554 δ’
561 487 618 553 ἀπ’
639 486 747 553 αὐτῶν
769 489 904 570 έσχαται
927 481 1041 574 φάσεις
1063 481 1280 564 καθήκουσαι

221 607 277 671 καὶ
300 597 562 685 συμπλεκόμεναι
583 601 623 690 τῇ
644 602 765 684 γενέσει
789 601 848 663 τοῦ
868 593 995 681 κόσμου
1016 599 1073 661 καὶ
1087 598 1135 679 τῷ
1149 592 1280 679 στόματι

223 710 290 794 την
306 717 505 798 εἱμαρμένην
520 713 737 777 ἐπιτελοῦσιν·
760 706 890 785 εἱκότως
904 703 972 794 ἀρα
986 719 1056 783 τοῖς
1072 710 1169 784 θεοῖς
1183 705 1279 790 ἀγισ-
1299 719 1314 771 ³

221 829 315 891 τεὶαν
342 827 456 890 πᾶσαν
484 819 706 909 προσάγομεν,
735 820 824 898 ὅπως
853 813 897 885 ἀν
924 814 1022 903 μόνοι
1051 813 1107 884 διά
1134 821 1281 896 πειθοῦς

222 939 341 1018 νοερᾶς
368 939 427 1016 τῆς
462 931 608 1016 ἀνάγκης
637 928 794 1019 ἀρχοντες
821 927 865 997 τά
893 924 962 995 ἀπό
990 931 1050 1009 τῆς
1078 934 1280 1016 εἱμαρμένης

223 1045 423 1130 ἀποκείμενα
447 1041 532 1111 κακά
556 1041 752 1110 ἀπολάωσιν.
1087 1084 1089 1088 1
1300 1061 1318 1112 ε

311 1156 395 1224 Ἀλλ’
419 1156 493 1224 οὐδέ
515 1160 585 1222 πᾶν
606 1158 734 1222 δέδεται
755 1160 790 1221 ἐν
812 1157 850 1245 τῇ
873 1150 972 1242 φύσει
991 1155 1052 1233 τῆς
1073 1155 1282 1237 εἱμαρμένης,

224 1267 297 1336 ἀλλ’
316 1272 384 1335 έστι
407 1272 463 1334 καὶ
484 1272 579 1355 έτέρα
601 1270 660 1347 τῆς
681 1270 791 1355 ψυχῆς
813 1259 898 1352 ἀρχη
922 1266 1076 1351 κρείττων
1090 1260 1201 1343 πάσης
1215 1259 1283 1353 φά·

229 1402 310 1459 σεινς
331 1385 387 1447 καὶ
410 1375 596 1466 γεννήσεως,
620 1375 703 1442 καθ’
723 1372 765 1458 ἢν
787 1379 843 1444 καὶ
865 1379 962 1452 θεοῖς
987 1378 1152 1441 ἑνοῦσθαι
1180 1371 1320 1441 δυνά-υ

223 1496 318 1579 μεθα
340 1496 396 1559 καὶ
419 1494 479 1572 τῆς
499 1493 657 1574 κοσμικῆς
678 1485 801 1567 τάξεως
815 1485 989 1573 ὑπερέχειν,
1012 1485 1123 1552 ἀιδίου
1143 1510 1177 1552 τε
1196 1487 1285 1567 ζωῆς

224 1608 280 1670 καὶ
301 1608 367 1670 τῶν
386 1602 633 1689 ὑπερονρανὶων
648 1604 741 1666 θεῶν
755 1602 814 1680 τῆς
828 1601 992 1686 ἐνεργείας
1005 1603 1169 1685 μετέχειν..
1194 1592 1285 1664 κατά

225 1709 266 1794 δὴ
288 1714 413 1794 ταύτην
444 1709 509 1779 οἱοὶ
537 1719 571 1778 τέ
594 1719 692 1796 ἐσμεν
717 1714 773 1777 καὶ
802 1706 938 1789 έαυτοάς
968 1707 1064 1776 λύειν.
1110 1706 1194 1774 όταν
1216 1704 1284 1796 γάρ
1305 1718 1338 1770 12

225 1819 267 1904 δη
289 1823 333 1889 τά
354 1825 509 1906 βελτίονα
531 1828 597 1889 τῶν
618 1829 654 1888 έν
675 1821 756 1905 ἡμῖν
778 1825 901 1912 ἐνεργῇ,
929 1825 986 1888 καὶ
1006 1818 1092 1907 πρὸς
1111 1815 1155 1886 τά
1176 1825 1285 1907 κρείτ-

224 1957 308 2000 τονα
330 1931 496 2018 ἀνάγηται
519 1933 621 2015 αὐτῆς
643 1932 665 2015 ἡ
688 1931 788 2021 ψυχή,
810 1931 885 1999 τότε
898 1933 1072 2019 χωρίζεται
1085 1929 1287 1999 παντάπασι

203 2030 292 2113 ’τῶν
314 2042 518 2132 κατεχόντων
549 2041 654 2126 αὐτὴν
683 2052 727 2122 εἱς
755 2039 817 2124 τὴν
845 2049 987 2130 γένεσιν,
1013 2047 1068 2109 καὶ
1097 2042 1287 2136 ἀφίσταται
1305 2057 1338 2109 15

224 2273 281 2335 καὶ
303 2271 437 2348 δίδωσιν
459 2264 581 2349 ἑαυτὴν
603 2275 648 2348 εἱς
671 2264 776 2348 ἀλλην
799 2264 1020 2353 διακόσμησιν
1043 2263 1105 2348 τὴν
1118 2273 1288 2357 προτέραν

228 2378 356 2471 ἀφεῖσα
378 2383 553 2458 παντελῶς.
1305 2385 1338 2437 18

299 2615 323 2665 l.
352 2613 518 2666 καθίκουσαι
538 2611 616 2666 acl),
689 2615 712 2664 7.
741 2609 796 2665 πᾶν
808 2609 924 2677 δέδεται]
939 2610 974 2662 sic
984 2613 1015 2672 A,
1037 2613 1092 2664 πᾶν
1105 2613 1211 2677 δέχεται
1230 2612 1285 2674 cl),

297 2697 389 2752 πάντα
405 2703 492 2765 ἔχεται
510 2699 543 2764 Ο,
571 2699 663 2754 πάντα
680 2703 829 2767 περιέχεται
846 2697 918 2770 Tayl.
1057 2699 1081 2750 ll.
1109 2704 1235 2775 γενέσεως
1255 2701 1284 2759 Α,

296 2781 414 2852 γνώσεως
432 2783 489 2835 CD.

227 2985 310 3044 fatum
327 2985 449 3056 solvunt,
472 2987 522 3044 sed
542 2991 678 3065 potentiae
700 2990 786 3046 abiis
810 2988 946 3046 derivatae
968 2989 1089 3054 ultimae,
1113 3009 1182 3064 quae
1206 2990 1285 3046 etiam

227 3072 328 3132 mundo
355 3083 383 3129 et
409 3076 535 3131 materiae
563 3074 754 3153 implicantur,
772 3075 823 3133 hae
846 3074 955 3151 quidem
979 3074 1033 3131 lato
1055 3074 1190 3133 obnoxiae
1215 3084 1285 3133 sunt

226 3162 324 3218 merito
342 3161 423 3236 igitur
441 3159 507 3218 deos
526 3164 599 3221 omni
623 3164 799 3219 sanctimonia
822 3159 948 3228 colimus,
972 3169 1002 3221 ut
1024 3161 1078 3238 ipsi
1100 3159 1211 3235 quidem
1232 3158 1285 3217 soli

227 3266 277 3324 per
300 3244 508 3304 intellectualem
530 3247 667 3306 suadelam
689 3248 856 3305 dominantes
880 3248 1049 3316 necessitati,
1075 3245 1145 3304 mala
1167 3247 1247 3304 nobis
1270 3267 1285 3302 a

227 3331 284 3391 lato
303 3331 484 3409 impendentia
503 3333 616 3393 solvant.

298 3418 355 3477 Sed
374 3439 423 3477 nec
442 3422 530 3476 omnia
549 3441 617 3497 qnae
635 3422 745 3476 suntin
762 3430 856 3477 natura
874 3418 1015 3496 alligantur
1032 3417 1101 3486 fato,
1124 3416 1171 3474 sed
1195 3428 1239 3474 est
1259 3427 1286 3474 et

225 3504 300 3567 aliud
310 3508 473 3584 principium
484 3508 596 3574 animae,
615 3516 709 3563 natura
722 3509 796 3565 omni
807 3516 835 3563 οἱ
847 3507 1018 3583 generatione
1028 3505 1218 3584 praestantius,
1234 3523 1287 3583 per

226 3591 301 3666 quod
317 3612 462 3669 possumus
481 3593 533 3651 diis
543 3595 622 3653 uniri
641 3602 677 3649 st.
687 3592 808 3650 ordinem
821 3592 982 3651 mundanum
994 3590 1153 3669 supergredi
1163 3600 1193 3651 ot
1203 3593 1287 3651 vtum

227 3685 363 3732 aeternam
385 3678 548 3756 deorumque
571 3678 728 3739 caelestium
751 3681 920 3756 operationes
942 3679 1114 3756 participare.
1160 3698 1212 3756 per
1232 3677 1286 3735 hoc

227 3781 373 3840 possumus
390 3785 440 3821 nos
459 3766 513 3841 ipsi
531 3787 545 3820 a
564 3764 618 3823 fato
637 3764 760 3824 liberare.
808 3765 914 3842 quaudo
933 3768 1079 3843 eaimpara
1090 3766 1178 3824 nostri
1190 3762 1288 3820 melior

228 3850 336 3926 operari
354 3851 473 3927 incipiat,
492 3861 520 3908 ot
537 3851 571 3908 ad
590 3851 701 3910 meliora
719 3873 816 3929 genera
835 3852 955 3911 elevetur
972 3853 1068 3921 anima,
1090 3861 1155 3908 tunc
1172 3869 1288 3928 prorsus

227 3942 369 4015 separatur
387 3935 456 3992 ab”
438 3957 472 3994 ιιι
491 3958 559 4012 quae
574 3959 633 3997 eam
650 3938 685 3994 ad
703 3940 851 4014 genituram
869 3939 995 3996 deorsam
1013 3938 1163 4006 trahebant,
1183 3957 1197 3992 a
1216 3935 1289 3994 dcte·

227 4020 346 4080 rioribus
364 4020 475 4089 recedit,
493 4022 624 4123 aliamque
641 4027 725 4082 vitam
741 4045 792 4102 pro
803 4023 860 4083 hac
878 4023 1008 4102 adquirit,
1027 4025 1202 4167 prioremque
1218 4020 1290 4081 ordi·

229 4130 291 4170 nem
311 4105 528 4184 derelinquens
520 4128 548 4166 ιιι
565 4108 647 4169 alium
664 4131 726 4168 sese
744 4113 847 4170 inserit.
