2776 4876
218 347 253 399 4⁴
1198 345 1266 409 1,ss

219 501 364 569 έπικαλεῖ
385 525 419 567 τι
441 503 497 567 καὶ
519 497 730 578 ἀλεξικάκους
743 503 798 565 καὶ
821 502 970 586 σωτῆρας
985 497 1128 578 τούτους,
1149 502 1206 565 καὶ
1221 498 1263 565 δι’

218 612 325 680 αὐτῶν
346 611 645 697 ἀποδιοπομπεῖται
665 615 780 679 πᾶσαν
801 613 958 677 ἐπιοῦσαν
979 605 1047 677 ἀπό
1069 614 1134 676 τῶν
1147 613 1266 692 παθη-

216 721 330 810 μάτων
350 721 490 809 βλάβην.
531 728 562 791 οἱ
585 722 626 803 δη
649 719 708 801 τὰς
729 718 857 806 πληγάς
877 720 1118 806 ἀποτρέποντες
1138 719 1199 800 τάς
1212 736 1302 807 yet

216 832 423 922 νεσιουργοάς
445 838 500 901 καὶ
522 829 663 926 φυσικάς
685 832 744 900 οὐκ
766 837 853 899 ἔστιν
868 829 957 912 ὅπως
970 835 1049 902 ποτέ
1069 829 1125 899 ded
1140 837 1268 901 παθῶν

216 942 318 1024 αὐτάς
340 945 560 1035 ἀπείργουσιν.
602 944 631 1012 εί
650 969 685 1011 τε
708 941 854 1029 νενόμικέ
877 969 925 1022 τις
945 941 1006 1025 τὴν
1022 941 1193 1028 ἀπόληψιν
1208 949 1268 1025 τῆς

215 1062 420 1142 προστασίας
442 1053 624 1141 ἐπεισάγειν
638 1052 711 1122 τινά
725 1054 916 1141 αὐτόματον
929 1053 1071 1141 βλάβην,
1093 1054 1113 1135 ἡ
1137 1053 1193 1123 ὃιά
1207 1060 1268 1137 τῆς
1284 1076 1301 1126 6

215 1167 381 1247 έκθάσεοις
402 1165 510 1236 πειθώ
539 1170 605 1234 τῶν
632 1164 824 1255 κρειττόνων
846 1174 890 1245 είς
918 1170 1117 1251 κηδεμονίαν
1144 1166 1268 1233 ἀνακα-

216 1284 356 1365 λουμένη
385 1278 487 1346 πάλιν
515 1277 624 1344 αὐτῶν
652 1277 712 1359 τὴν
741 1277 907 1365 εὐμένειαν
942 1283 997 1345 καὶ
1031 1277 1266 1365 ἀποτρέπουσα

215 1389 276 1474 τὴν
298 1398 450 1480 στέρησιν
471 1392 638 1468 παντελῶς
659 1385 702 1456 ἀν
725 1390 773 1471 ε’ίη
795 1386 936 1476 καθαρά
957 1393 1013 1457 καὶ
1035 1385 1204 1479 άτρεπτος.
1284 1405 1301 1455 c

161 1519 196 1575 14
272 1563 276 1569 .
297 1500 368 1570 Ἔτι
389 1507 500 1572 τοίνυν
514 1507 550 1569 αἱ
564 1499 740 1587 λεγόμεναι
753 1504 846 1568 θεῶν
859 1498 1004 1586 ἀνάγκαι
1018 1498 1056 1569 τό
1073 1499 1152 1568 ὅλον
1167 1504 1266 1577 τοῦτο

215 1620 307 1683 θεῶν
327 1615 407 1681 ’ίδιαι
429 1611 572 1696 ἀνάγκαι
591 1616 647 1679 καὶ
670 1612 713 1689 ὡς
735 1616 788 1679 ἐπὶ
802 1614 895 1679 θεῶν
909 1616 1086 1697 γίγνονται.
1125 1611 1184 1680 οὐκ
1197 1607 1268 1701 ἀρα

215 1726 259 1804 ὡς
280 1726 406 1806 ἔξωθεν
428 1723 497 1793 οὐδ’
516 1724 560 1802 ὡς
581 1721 665 1789 κατά
687 1725 776 1807 βίαν,
804 1722 876 1790 ἀλλ’
897 1723 940 1801 ὡς
962 1721 1120 1809 τάγαθὸν
1147 1722 1268 1815 ὠφελεῖ
1285 1737 1321 1788 12

215 1838 256 1919 ἐξ,
271 1835 423 1921 ἀνάγκης,
445 1833 548 1914 οὕτως
569 1839 678 1922 έχουσι
698 1839 744 1920 τῷ
765 1832 872 1927 πάντη
895 1834 1014 1902 οὑτωσὶ
1035 1840 1091 1902 καὶ
1105 1838 1266 1922 μηδαμῶς

215 1944 321 2026 άλλως
343 1950 543 2016 διακεῖσθαι.
580 1944 736 2030 βουλήσει
758 1942 825 2034 άρα
839 1945 1035 2031 dyaconem
1048 1953 1267 2033 συγκέκραται

215 2057 377 2148 αὕτηναί
400 2057 518 2146 έροιτός
540 2066 611 2127 ἐστι
634 2062 715 2148 (μέλη
737 2055 916 2138 ἡτοιαύτη
939 2057 1082 2144 ἀνάγκη,
1111 2057 1202 2139 τάξει
1230 2083 1265 2125 τε
1286 2077 1320 2128 15

286 2247 309 2297 l.
337 2247 452 2299 intratsi
469 2243 510 2311 τε]
529 2248 688 2298 ἐπικαλεῖται
707 2242 786 2296 ACD.
861 2247 919 2297 1.2.
949 2239 1213 2311 ὃιάἷιτῶνῙόιάτῶν
1233 2246 1265 2296 D.

225 2333 228 2337 ’
284 2337 309 2384 5.
336 2329 527 2402 ἀπείργουσιν]
554 2313 593 2382 sic¹
611 2330 671 2393 AG,
702 2327 837 2401 ἀπείργειν
855 2330 891 2382 0.
916 2325 929 2400 ΙΙ
954 2326 1096 2399 ἀπόλειψιν
1125 2331 1189 2382 Gale
1212 2338 1265 2382 not.

284 2420 309 2471 6.
337 2415 505 2487 αὐτόματον]
524 2415 666 2488 ἀσώματον
686 2417 744 2468 BD.
817 2419 841 2470 7.
869 2420 1042 2486 κηάανμονίαν
1060 2417 1089 2469 C.
1161 2420 1186 2468 8.
1214 2414 1268 2470 αὖ·

283 2507 318 2570 τῷ
333 2499 596 2575 Α.ΙΙάποπρέπονσα
615 2504 647 2557 0.
722 2505 815 2556 10.11.
839 2504 871 2555 τό
891 2500 1121 2572 ὅλον-ἀνάγκαι
1139 2506 1224 2556 cml)
1242 2519 1266 2554 et

223 2587 226 2591 ¹
284 2592 356 2641 habet
375 2590 400 2641 in
419 2611 495 2656 marg.
515 2593 560 2642 καλ
579 2588 639 2642 ὅλον
658 2591 739 2642 τοῦτο
759 2589 830 2643 θεῶν
848 2592 913 2643 είσλν
932 2586 1055 2659 ἀνάγκαι.
1129 2592 1169 2643 12.
1192 2587 1265 2659 βίαν]

282 2678 346 2745 μίαν
364 2678 398 2727 Ι).
419 2670 432 2745 ΙΙ
453 2672 545 2747 ἀφέλοι
562 2677 595 2729 0.
697 2677 738 2729 13.
767 2674 816 2744 τῷ]
835 2677 866 2730 τό
886 2679 923 2742 τῷ
944 2677 1026 2742 aas
1044 2675 1075 2728 B.

215 2838 359 2892 incurrere.
396 2839 455 2891 sive
481 2839 562 2912 igitur
583 2855 632 2914 per
649 2835 715 2891 deos
734 2837 792 2892 sive
808 2856 858 2913 per
880 2836 1022 2893 daemones
1043 2834 1196 2892 huiusmodi
1218 2837 1267 2892 fiat

214 2921 346 2990 lustratio,
369 2941 416 2977 eos
435 2942 499 2977 sane
515 2932 649 2997 tamquam
667 2919 835 2978 auxiliatores
855 2933 882 2978 et
900 2923 1028 2979 malorum
1046 2932 1266 2979 averruncatores

215 3019 243 3068 et
259 3018 409 3064 servatores
427 3010 541 3075 invocat„
559 3018 586 3064 et
604 3027 652 3084 per
670 3027 717 3064 eos
735 3007 830 3085 procul
847 3008 950 3086 ablegat
967 3030 1073 3066 omnem
1092 3029 1159 3086 qnae
1176 3029 1265 3085 apas-

215 3096 335 3153 sionibus
353 3095 442 3173 possit
459 3096 581 3170 ingruere
599 3114 704 3151 noxam.
740 3096 845 3151 interim
863 3099 909 3172 qui
926 3096 1018 3174 plagas
1041 3105 1219 3153 averruncant
1237 3098 1267 3151 in

214 3183 324 3258 genesin
342 3191 369 3237 et
386 3190 506 3238 naturam
524 3181 732 3259 propendentes,
755 3200 809 3236 non
827 3182 856 3237 id
874 3182 973 3240 iaciunt
990 3203 1039 3261 per
1056 3185 1198 3261 passiones
1215 3184 1268 3238 nti·

215 3288 274 3344 que.
311 3270 336 3323 si
354 3270 414 3344 quis
437 3278 524 3325 autem
547 3269 682 3325 existimet
702 3269 788 3344 ipsam
811 3267 917 3325 divinae
939 3270 1124 3348 providentiae
1148 3289 1161 3322 a
1186 3269 1266 3325 nobis

214 3357 433 3433 interceptionem
451 3374 546 3411 noxam
564 3364 660 3431 sponte
677 3375 725 3411 sua
743 3353 853 3423 adferre,
873 3376 937 3413 sane
954 3357 1077 3413 lustratio
1095 3376 1163 3432 quae
1179 3354 1268 3435 flectit

214 3445 310 3499 iterum
327 3440 361 3497 ad
379 3443 466 3499 nostri
483 3461 572 3499 curam
590 3440 665 3508 deos,
685 3462 752 3517 quae
770 3441 925 3499 reconciliat
943 3463 1035 3499 eorum
1052 3440 1268 3499 benevolentiam

215 3539 242 3584 et
258 3530 434 3606 privationem
451 3526 525 3585 illam
543 3527 623 3596 tollit,
642 3530 749 3585 omniuo
768 3530 827 3606 ipsa
844 3548 910 3606 pura
923 3539 1003 3606 atque
1014 3527 1187 3586 immutabilis
1204 3549 1267 3585 cen·

214 3616 269 3671 seri
287 3613 374 3671 debet.

160 3709 196 3766 14
286 3699 367 3773 Quod
383 3711 471 3758 autem
489 3711 593 3779 spectat
610 3701 644 3757 ad
662 3694 836 3757 necessitates
855 3721 920 3776 quas
939 3701 1144 3768 aiuntdeorum
1163 3721 1266 3757 summa

215 3796 269 3842 est:
287 3790 460 3844 necessitates
479 3798 541 3844 sunt
559 3787 700 3845 admodum
718 3788 843 3864 propriae
854 3786 915 3854 diis,
934 3788 1041 3844 etfiunt
1053 3790 1090 3843 ita
1106 3791 1145 3844 uti
1158 3787 1267 3865 dignum

215 3882 257 3929 est
275 3871 335 3928 diis.
372 3894 453 3949 quare
470 3895 520 3931 nec
539 3875 571 3930 ab
589 3885 663 3931 extra
688 3894 738 3930 nee
759 3883 892 3949 tamquam
914 3877 1038 3952 pervim
1061 3876 1266 3943 necessitantur,

214 3959 263 4016 sed
281 3969 311 4014 ut
328 3960 427 4015 bonnm
444 3959 555 4037 prodest
573 3981 606 4016 ex
623 3961 795 4028 necessitate,
818 3961 858 4016 sic
877 3981 907 4017 se
925 3962 1023 4017 babent
1041 3979 1162 4037 semper,
1186 3968 1267 4035 atque

215 4048 250 4101 ita
268 4055 299 4101 nt
317 4066 367 4102 nec
386 4044 438 4101 alio
457 4046 536 4101 modo
556 4045 640 4102 velint
664 4067 694 4103 se
711 4046 816 4103 babere.
854 4047 919 4104 baec
943 4068 1005 4124 ergo
1029 4047 1176 4103 necessitas
1191 4065 1267 4112 'com-

214 4134 323 4208 ponitur
342 4152 374 4188 ex
392 4131 529 4189 voluntate
552 4133 585 4187 ad
607 4133 706 4188 bonum
724 4143 873 4210 spectante,
898 4145 925 4190 et
942 4134 1095 4191 dilectionis
1118 4134 1192 4189 socia
1215 4141 1266 4201 est,

216 4226 244 4272 et
259 4239 308 4295 per
326 4219 447 4314 ordinem
464 4219 517 4277 diis
536 4238 681 4294 congruum
698 4219 864 4277 identitatem
883 4231 910 4276 et
925 4219 1165 4278 immutabilitatem
1179 4219 1265 4288 babet,
