2776 4876
211 349 279 413 εει
1215 355 1262 408 ror

211 501 306 588 μιζόν
329 526 413 581 τινες
433 507 490 570 καὶ
512 508 594 571 θεῖα
616 512 652 571 ὲν
674 505 755 591 ἡμῖν
777 507 855 587 είδη,
878 503 963 592 ἅπερ
986 508 1047 575 είτε
1064 505 1187 596 φυσικοί
1203 509 1264 576 sits

212 611 319 692 ἄλλως
341 613 493 682 ὁπωσοῦν
523 606 565 697 ἦν
595 620 817 702 σωματοειδῆ,
845 617 995 686 ἀδύνατα
1022 616 1195 701 δήπουθεν
1222 610 1265 701 ἦν

176 731 245 791 ttae
266 728 334 791 τῶν
363 722 527 812 τυχόντων
556 734 601 805 εὶς
628 723 671 794 τοί
692 733 776 795 θεῖα
804 733 1057 815 μεθίστασθαι·
1087 737 1123 795 έν
1150 724 1191 810 δὴ
1219 732 1266 812 τῷ

210 834 352 924 παρόντι
378 833 441 918 τὴν
463 832 576 927 ψυχὴν
602 837 850 930 ἀποφαίνονται
881 844 1054 909 συναιτίαν
1081 843 1140 921 τῆς
1165 842 1266 918 θείας

211 945 427 1034 συγκράσεως,
449 951 506 1014 καὶ
528 950 631 1029 δῆλον
652 946 705 1017 ὅτι
727 950 853 1031 ίσοίξιος
867 956 994 1037 γίνεται
1008 963 1078 1028 τοῖς
1092 954 1197 1029 θεοῖς,
1219 951 1265 1015 δί-

176 1060 291 1125 stunt
313 1083 348 1125 τε
370 1057 484 1137 αὐτοῖς
506 1085 536 1127 τι
557 1057 678 1149 μόριον
705 1065 761 1128 καὶ
790 1069 825 1129 έν
852 1067 899 1148 τῷ
926 1069 1017 1153 μέρει
1044 1065 1172 1149 δέχεται
1200 1059 1260 1126 ἀπ’

209 1172 347 1249 ἐκείνων,
368 1175 473 1258 μέτρα
496 1195 529 1238 τε
551 1183 622 1250 τοῖς
643 1176 824 1260 κρείττοσιν
847 1172 1001 1256 ἐπιθήσει
1023 1176 1078 1241 καί
1101 1167 1186 1253 uine)
1202 1168 1259 1238 ἀπ’

209 1283 339 1347 ἐκείνων
360 1279 596 1368 ὁρισθήσεται·
625 1280 645 1350 ὃ
669 1286 704 1351 δέ
726 1283 917 1354 δεινότατον
939 1277 984 1352 ὧν
1012 1288 1144 1369 λέγουσί
1171 1306 1265 1363 τινες,

175 1403 191 1454 t
210 1387 261 1457 ὅτι
282 1394 338 1458 καί
359 1397 395 1457 έν
416 1397 585 1479 στοιχείων
607 1392 696 1476 τάξει
718 1401 750 1463 ol
774 1398 853 1463 θεοὶ
868 1393 1110 1484 προηγούμενοι
1124 1391 1264 1482 ἐνυπάρ-

209 1500 301 1580 ξουσι
322 1512 393 1580 τοῖς
408 1501 681 1592 ἀποτελουμένοις
702 1505 762 1596 ὑφ’
777 1509 910 1586 tamon,
932 1510 988 1573 καὶ
1003 1511 1095 1574 έσται
1109 1531 1141 1572 τι
1154 1529 1264 1592 παρα·

207 1609 349 1697 νόμενον
369 1609 437 1679 ἀπὸ
457 1611 582 1701 χρόνον
602 1619 659 1683 καὶ
688 1620 746 1698 τῆς
774 1614 860 1685 κατὰ
887 1615 1011 1706 χρόνον
1033 1615 1216 1702 σνμμίξιως
1242 1610 1262 1683 ὃ

156 1731 191 1783 12
208 1728 343 1811 περιέχει
365 1719 441 1802 τούς
463 1721 566 1803 θεοὺς
587 1733 622 1793 έν
644 1731 760 1812 ἑαυτῷ.
806 1732 838 1797 τί
860 1730 895 1793 δέ
919 1723 960 1809 δὴ
982 1731 1039 1795 καὶ
1068 1731 1136 1794 έστι
1163 1730 1262 1793 τοῦτο

208 1830 246 1900 τὸ
269 1832 450 1923 σύμμικτον
471 1838 531 1918 τῆς
550 1835 762 1917 ὑποστάσεως
784 1835 886 1920 εἶδος;
911 1846 938 1904 εί
959 1843 1019 1924 μίν
1040 1834 1105 1928 γὰρ
1128 1833 1167 1904 τό
1191 1858 1263 1904 συν·

208 1943 408 2036 αμφότερον,
430 1945 490 2013 οὐκ
511 1950 604 2014 έσται
624 1951 660 2015 ἓν
681 1955 717 2015 έν
739 1951 832 2016 δυοῖν
854 1945 941 2016 ἄλλοί
964 1945 1132 2017 σύνθετόν
1153 1973 1185 2014 τι
1206 1950 1263 2014 καὶ

157 2071 190 2121 15
209 2063 506 2146 συμπεφορημένον
527 2055 595 2125 ἀπὸ
618 2062 684 2125 τῶν
707 2058 782 2126 δύο·
813 2067 840 2126 εί
862 2058 893 2126 δ’
912 2059 957 2138 ὡς
985 2065 1096 2148 ἕτερον
1124 2058 1262 2147 ἀμφοῖν,

207 2165 400 2253 μετάβλητα
422 2172 514 2235 έσται
534 2164 577 2235 τοί
599 2168 700 2249 ἀίδια,
723 2174 778 2237 καὶ
801 2167 843 2236 τοὶ
866 2173 947 2236 θεῖα
971 2175 1035 2237 τῶν
1057 2177 1093 2237 έν
1114 2173 1153 2257 τῇ
1175 2174 1262 2253 γενέ·

278 2408 303 2458 3.
329 2406 494 2475 μεθιστάναι
512 2408 547 2470 Α,
593 2410 736 2476 μεθίστοις
756 2409 794 2459 vel
811 2410 963 2476 μεθίστους
981 2407 1015 2469 C,
1060 2411 1209 2475 μεθίστους
1229 2407 1261 2459 D.

288 2486 300 2560 ΙΙ
313 2489 359 2560 δὴ]
373 2492 400 2544 tt
413 2493 445 2544 Α.
517 2495 541 2545 5.
571 2491 690 2559 inoliter]
710 2491 888 2554 sloGelennt.‚
908 2492 1056 2552 ίσοιξίωςθ,
1129 2491 1188 2543 7.8.
1218 2494 1263 2544 καί

278 2574 348 2630 αὐτὰ
364 2574 415 2629 ἀπ’
429 2582 525 2647 ἐκείνης
548 2578 614 2630 Gale
631 2593 682 2631 not.
809 2580 909 2632 11.12‚
939 2575 953 2629 ὃ
977 2576 1104 2649 περιέχει]
1128 2576 1163 2628 sio
1183 2576 1262 2638 Act),

278 2660 343 2733 ὅπερ
361 2666 412 2729 ἔχει
429 2661 462 2716 0.
571 2665 612 2716 12.
639 2662 718 2731 τοὺς]
742 2664 809 2737 πρὸς
827 2663 859 2717 1).
969 2666 1011 2716 15.
1042 2665 1261 2734 συμπεφυρμένον

277 2767 363 2814 margo
375 2747 407 2801 B.
426 2741 440 2816 ΙΙ
461 2747 500 2815 sl]
519 2752 556 2808 είς
568 2751 600 2812 Α,
628 2754 663 2810 τίς
675 2749 751 2815 (corr.
764 2747 801 2816 εὶ)
820 2749 849 2803 C.

207 2998 257 3052 tori
275 2996 304 3051 in
321 2997 408 3050 enims
425 2997 532 3073 speeies
550 2995 663 3053 divinoe
707 3007 781 3063 esto3
801 2995 850 3053 sed
873 3016 919 3053 me
941 2994 1074 3052 scintillae
1096 2992 1261 3070 quondoqui-

207 3081 267 3137 dem
284 3088 348 3136 sunt
365 3079 498 3138 naturales
516 3091 544 3137 ot
562 3100 715 3159 corporeae,
739 3093 875 3158 uteunque
893 3101 948 3138 non
964 3089 1081 3158 possunt
1099 3077 1204 3134 traduci
1227 3097 1260 3134 ox

206 3166 324 3223 fortuitis
343 3167 500 3244 adspectet
519 3165 678 3245 simpliciter
695 3167 808 3225 divinos.
856 3187 927 3224 nuno
945 3176 1034 3223 nutem
1051 3164 1138 3220 denuo
1162 3162 1261 3219 (linitur

207 3254 321 3308 animam
338 3272 399 3310 esse
415 3252 495 3310 huius
513 3253 618 3310 divinae
636 3254 840 3331 compositionis
859 3270 1026 3318 concausam,
1050 3248 1121 3306 unde
1138 3250 1261 3324 sequitur

207 3339 281 3414 quod
292 3341 378 3395 enimn
389 3341 448 3416 puri
460 3338 588 3414 dignitate
605 3341 643 3395 sit
660 3359 721 3395 eum
738 3339 800 3407 diis,
819 3337 892 3415 quod
910 3340 944 3393 iis
962 3345 1066 3414 portem
1084 3335 1261 3391 eommunicet

207 3435 235 3482 et
252 3426 284 3481 sb
303 3427 337 3482 iis
355 3444 462 3482 rursum
478 3434 582 3502 portem
600 3426 724 3503 recipiam
744 3435 823 3502 etque
839 3424 907 3481 adeo
925 3421 1033 3478 modum
1050 3429 1134 3497 ponet
1151 3428 1179 3474 et
1190 3438 1261 3475 men·

207 3531 298 3568 suram
316 3531 347 3567 se
364 3509 530 3579 melioribus,
549 3512 698 3589 iterumque
715 3511 748 3568 sb
767 3514 801 3568 iis
819 3512 879 3588 ipss
896 3506 1067 3572 limitabitur;
1085 3515 1113 3561 ot
1131 3503 1205 3582 quod
1216 3503 1261 3560 olt-

207 3595 394 3654 surdissimum
416 3605 459 3652 est
480 3598 599 3652 omnium
621 3617 689 3672 quse
711 3596 804 3654 dicum
822 3593 943 3672 quidem,
966 3590 1030 3648 hine
1052 3594 1174 3668 seqnitur
1194 3589 1261 3647 deos

206 3694 341 3758 tamquam
363 3680 493 3738 elemento
510 3684 618 3760 praevio
636 3682 752 3758 quodam
770 3681 851 3738 modo
873 3681 963 3736 inesse
985 3679 1020 3734 iis
1042 3677 1166 3734 omnibus
1194 3694 1261 3752 qnos

207 3770 261 3846 ipsi
278 3766 431 3845 perficiunt,
453 3778 481 3826 et
498 3768 571 3845 quod
588 3768 690 3845 aliquid
707 3767 897 3846 temporarium
915 3776 942 3821 et
959 3786 993 3822 ex
1010 3765 1179 3842 generatione
1195 3771 1260 3818 tem·

207 3855 313 3932 porario
335 3863 423 3910 ortum
441 3853 508 3910 deon
526 3857 555 3910 in
572 3875 603 3911 so
620 3855 777 3912 continebit.
822 3851 895 3927 quod
918 3871 983 3908 voro
1004 3849 1112 3906 tandem
1134 3851 1187 3906 erit
1207 3846 1260 3903 hoo

208 3943 302 3997 mistae
319 3939 497 4018 hypostaseos
515 3941 615 4018 gennsl
663 3942 688 3996 εἰ
710 3941 782 3995 enim
804 3948 937 4014 utrunque
958 3935 1038 3995 simul
1059 3937 1108 4005 sit,
1131 3938 1184 3992 ism
1206 3952 1261 3990 nou

209 4028 261 4082 erit
279 4046 360 4083 unum
379 4027 444 4103 quid
462 4047 496 4084 ex
513 4026 619 4084 duobus
636 4023 686 4082 εει]
703 4026 882 4102 compositum
905 4022 1014 4100 aliquod
1032 4031 1060 4079 st
1076 4029 1261 4099 sooner-votum

210 4134 244 4170 ex
257 4112 369 4168 duobus.
416 4116 439 4170 si
451 4135 515 4170 vero
528 4111 635 4189 utquid
646 4113 755 4168 tertium
767 4110 898 4169 resultent
911 4131 946 4168 ex
957 4109 1071 4176 duobus,
1088 4111 1141 4164 inm
1153 4114 1259 4161 sturno

212 4220 280 4276 quoe
298 4211 361 4258 sunt
380 4210 458 4256 erunt
476 4198 622 4268 mutabilis,
640 4197 762 4276 nihilque
772 4198 896 4256 different
907 4199 997 4255 (livino
1009 4196 1041 4252 ob
1054 4197 1088 4250 iis
1099 4193 1181 4249 rebus
1192 4210 1262 4268 qus
