2776 4876
218 348 255 402 96
1204 347 1272 411 211

219 507 280 590 μὲν
295 501 451 585 οὐδεμίαν
466 498 724 590 ἀμφισβήτησιν,
746 499 818 566 ἀλλ’
835 498 1047 585 ὁμολογεῖται
1061 501 1152 586 παρά
1167 506 1271 569 πάσιν

220 611 379 691 ὡσαύτως.
426 615 475 690 τίς
496 607 560 698 γάρ
584 611 642 678 οὐκ
663 607 705 679 ἀν
729 609 964 699 συγχωρήσειεν
993 610 1174 697 ἐπιστήμην
1197 638 1273 699 τυγ-

215 723 387 811 χάνουσαν
415 727 474 790 τοῦ
496 718 592 801 όυτος
614 720 816 803 οἰκειοτάτην
839 720 924 790 εἶναι
944 726 1004 805 τῆς
1032 727 1132 802 θείας
1164 728 1273 802 αἰτίας
1292 736 1306 786 ³

218 840 323 914 θεοῖς,
352 831 413 916 τήν
436 837 470 902 δὲ
492 831 633 918 ἀγνοιαν
655 830 715 914 τήν
744 833 1004 924 ὑποφερομένην
1025 843 1070 914 εἰς
1097 831 1136 901 τό
1158 831 1218 919 μή·
1236 833 1275 902 όν

217 944 419 1034 πορρωτάτω
440 950 501 1027 τῆς
523 949 621 1024 θείας
643 949 751 1024 αἰτίας
773 948 838 1012 τῶν
860 944 1003 1026 ἀληθῶν
1033 948 1126 1013 εἰδῶν
1150 945 1273 1014 ἀποπέ-

217 1083 318 1126 πτειν.
364 1057 437 1124 ἀλλ’
458 1061 526 1124 ἐπεὶ
549 1056 608 1144 οὐχ
637 1061 756 1135 ἱκανῶς
784 1061 909 1145 εἴρηται
935 1054 1122 1146 προσθήσω
1152 1055 1191 1124 τό
1208 1062 1305 1126 ἐλ-θ

217 1173 346 1237 λεῖπον·
374 1172 431 1237 καὶ
460 1166 543 1236 διότι
569 1165 764 1260 φιλοσόφως
790 1171 918 1253 μᾶλλον
945 1171 1002 1235 καὶ
1030 1172 1167 1255 λογικῶς
1195 1168 1267 1236 ἀλλ’

217 1278 290 1367 οόχί
311 1277 396 1347 κατά
418 1277 479 1361 τήν
501 1284 633 1365 ένεργον
654 1281 720 1345 τῶν
742 1284 853 1366 ἱερέων
875 1286 991 1366 τέχνην
1013 1276 1072 1347 τόν
1095 1280 1269 1366 ἀπολογισ-

216 1389 282 1477 μόν
303 1404 453 1470 ποιεῖται,
475 1389 531 1458 διά
551 1393 649 1459 τοῦτο
673 1387 765 1475 οἶμαι
787 1392 855 1457 δεῖν
872 1391 1150 1480 θεονργικῶτερον
1173 1398 1273 1460 εἰπεῖν
1291 1403 1306 1452 l

218 1529 247 1569 rr
270 1506 343 1590 περὶ
367 1502 483 1570 αὐτῶν.

298 1609 403 1680 Ἔστω
425 1618 485 1701 μὲν
506 1611 571 1702 γάρ
593 1614 614 1694 ἡ
637 1609 757 1699 ἄγνοια
779 1619 835 1681 καί
858 1613 969 1697 ἀπάτη
991 1617 1194 1701 πλημμέλεια
1217 1619 1272 1683 καί

217 1724 360 1810 ἀσέβεια,
384 1725 424 1791 οὐ
444 1720 512 1810 μήν
535 1721 589 1792 διὰ
613 1727 709 1791 τοῦτο
732 1728 842 1813 ψευδῆ
864 1738 1006 1793 ποιεῖται
1019 1730 1074 1793 καί
1090 1723 1131 1792 τά
1147 1731 1272 1804 οἰκείως
1292 1731 1322 1782 ¹²

216 1846 287 1914 τοῖς
308 1839 406 1914 θεοῖς
427 1833 684 1926 προσφερόμενα
706 1840 762 1903 καί
785 1833 827 1902 τά
851 1841 933 1904 θεῖα
955 1841 1043 1927 ἔργα,
1067 1837 1142 1906 οὐδὲ
1164 1834 1271 1925 γάρή

216 1951 327 2014 ἔννοια
342 1945 499 2058 aquiescas
513 1958 583 2024 τοῖς
598 1949 694 2023 θεοῖς
709 1943 784 2025 τοός
799 1947 1000 2036 θεουργοός·
1023 1953 1091 2016 ἰπεί
1107 1954 1139 2016 τί
1154 1946 1270 2018 έκῶλυε

216 2055 293 2137 τοάς
321 2060 531 2146 θεωρητικῶς
566 2060 837 2149 φιλοσοφοῦντας
871 2063 953 2146 έγειν
981 2056 1042 2140 τήν
1071 2057 1271 2147 θεονργικήν
1290 2071 1321 2121 15

173 2161 190 2217 i
217 2178 331 2238 ένωσιν
353 2167 436 2258 πρός
457 2166 534 2246 τοάς
557 2166 676 2250 θεοόςς
704 2173 764 2236 νῦν
787 2172 821 2235 δὲ
844 2169 903 2237 οάκ
932 2174 994 2258 ἔχει
1023 2169 1062 2237 τό
1084 2196 1120 2256 γε
1142 2170 1271 2252 ἀληθὲς

216 2279 327 2359 οὕτως.
366 2279 439 2347 ἀλλ’
459 2279 480 2361 ή
503 2283 568 2347 τῶν
589 2283 692 2366 έργωυ
714 2283 779 2348 τῶν
801 2279 954 2369 ἀρρήτων
976 2286 1032 2348 καί
1053 2281 1132 2370 ὑπὲρ
1155 2283 1270 2348 πάσαν

215 2391 331 2473 νόησιν
354 2394 550 2480 θεοπρεπῶς
572 2398 812 2480 ἐνεργουμένων
840 2395 1063 2481 τελεσιουργία
1091 2389 1113 2473 ή
1143 2417 1177 2458 τε
1206 2395 1271 2460 τῶν
1291 2397 1323 2447 18

214 2509 401 2590 νοουμένων
430 2516 500 2581 τοῖς
528 2508 625 2581 θεοῖς
646 2501 762 2589 μόνοις
784 2501 960 2610 συμβόλων
988 2501 1191 2594 ἀφθέγκτων
1219 2502 1271 2570 δά

287 2716 311 2765 1.
339 2710 427 2784 παρὰ]
446 2716 505 2785 περὶ
525 2711 577 2764 Ac.
651 2715 692 2766 13.
720 2721 791 2766 ποιεῖ
809 2713 887 2764 Act).
961 2713 1002 2764 lo.
1032 2707 1174 2782 ἀφθέκτων
1193 2716 1223 2763 Α.

215 2917 340 2975 confesso
357 2918 430 2995 apud
447 2939 540 2976 omnes
560 2929 608 2976 est.
655 2921 715 2995 quis
733 2920 805 2976 enim
822 2939 877 2975 non
895 2923 1021 2976 continno
1039 2918 1171 2977 concedet
1180 2921 1271 2994 cogui-

215 3007 316 3061 tionem
339 3024 406 3080 quae
428 3025 475 3062 eus
497 3026 591 3062 rerum
612 3007 764 3081 assequitur
787 3009 988 3084 quamproxime
1010 3006 1139 3064 accedere
1158 3005 1194 3061 ad
1210 3024 1271 3061 cau·

214 3111 271 3148 sam
290 3092 420 3159 divinam,
445 3101 539 3148 eontra
561 3092 737 3168 ignorantiam
761 3113 829 3168 quae
847 3093 881 3149 ad
903 3113 957 3149 non
975 3113 1023 3149 ens
1041 3092 1187 3158 delabitur,
1210 3111 1271 3147 cum

215 3177 295 3254 longe
312 3178 383 3232 absit
401 3199 415 3232 a
434 3197 513 3234 causa
531 3177 634 3245 divina,
659 3178 783 3234 excidere
800 3199 913 3256 prorsus
930 3180 964 3235 ab
983 3179 1107 3235 omnibus
1129 3180 1201 3235 veris
1219 3176 1272 3233 lor-

214 3265 272 3320 mis.
321 3263 372 3320 sed
390 3284 450 3319 eum
468 3265 534 3320 haee
551 3283 607 3319 non
625 3266 690 3321 satis
708 3264 788 3342 plene
806 3266 853 3322 ahs
872 3275 900 3321 te
918 3265 989 3322 dicta
1007 3275 1082 3332 sunt,
1102 3264 1174 3340 quod
1193 3263 1271 3319 deest

214 3349 323 3406 addamz
342 3360 370 3406 et
388 3349 602 3426 quandoquidem
620 3348 808 3428 philosophice
826 3361 853 3407 et
870 3351 957 3428 logice
973 3354 1156 3430 potiusquam
1168 3370 1202 3406 ex
1213 3359 1272 3406 arte

215 3436 386 3493 sacerdotum
404 3434 506 3492 efficaci
524 3436 606 3492 verba
624 3434 699 3504 iacis,
717 3436 779 3493 ideo
799 3457 896 3493 censeo
916 3447 1060 3515 opportere
1079 3437 1113 3493 de
1130 3438 1164 3492 iis
1178 3435 1271 3513 dispu-

214 3531 272 3577 tare
289 3525 373 3597 magis
391 3542 425 3578 ex
443 3523 539 3578 ritihus
558 3524 735 3579 sacerdotum.

286 3607 330 3662 Sit
346 3609 428 3684 igitur
444 3606 618 3664 hallucinatio
636 3619 664 3665 et
681 3608 805 3686 deceptio
824 3611 895 3664 eirea
914 3608 1003 3666 divina
1021 3618 1160 3688 peccatum
1178 3618 1206 3664 et
1223 3610 1270 3665 im·

214 3694 314 3769 pietas,
337 3713 392 3748 non
410 3697 536 3750 continuo
559 3704 647 3751 tamen
669 3693 736 3751 falsa
758 3695 827 3750 fiunt
848 3715 915 3771 quae
937 3695 991 3752 diis
1013 3695 1057 3752 rel
1080 3703 1271 3752 consecrantur

213 3776 337 3853 symbola
354 3778 399 3834 uel
414 3782 591 3856 perficiuntur
607 3801 703 3858 operm
721 3801 771 3837 nec
784 3783 854 3837 enim
866 3784 984 3858 cognitio
996 3783 1133 3858 coniungit
1144 3800 1205 3836 cum
1217 3780 1270 3836 diis

215 3862 335 3920 cultores
352 3863 472 3936 deorum,
492 3867 612 3944 alioquin
630 3865 787 3945 philosophi
805 3867 895 3924 dirius
914 3878 1068 3946 spectantes
1090 3887 1197 3944 semper
1216 3865 1271 3921 dei·

214 3949 294 4006 ficam
312 3951 437 4006 unionem
455 3963 631 4030 reportarent.
668 3956 742 4030 atqui
760 3973 852 4009 revera
871 3956 908 4009 ita
920 3974 950 4009 se
963 3975 1006 4010 res
1019 3974 1072 4008 non
1085 3952 1172 4008 habet.
1208 3971 1270 4007 nam

214 4039 278 4093 anio
297 4034 344 4091 illa
362 4034 457 4092 deifica
480 4057 534 4093 non
552 4042 699 4114 acquiritur
716 4041 770 4095 nisi
791 4059 840 4117 per
863 4042 1073 4096 ceremoniarum
1095 4037 1270 4095 ineffabihum

214 4122 419 4191 observantiam,
442 4143 492 4200 per
509 4127 678 4201 operationes
696 4127 748 4181 rita
760 4124 849 4183 ,factas
867 4126 920 4182 diis
938 4127 1031 4204 dignas
1053 4144 1215 4201 omnemque
1232 4126 1270 4179 in·

215 4206 350 4266 tellectum
367 4220 539 4287 superantes,
563 4230 666 4287 perque
683 4213 737 4268 vim
759 4211 988 4289 inexplicabilinm
1009 4210 1194 4287 symbolorum
1215 4209 1269 4266 diis
