2776 4876
196 363 247 416 118
1198 355 1251 418 3,9

195 513 237 598 δὴ
259 520 315 583 καὶ
338 520 411 604 περὶ
436 513 559 582 τούτων
582 511 642 590 τάς
665 517 773 588 αίτίας
795 511 942 576 διελθεῖν
957 512 1027 586 πῶς
1042 531 1075 573 τε
1092 511 1252 592 γίνονται,

195 623 426 712 ἐπιτελούμενα
449 650 484 692 τε
506 627 582 691 τίνα
605 628 668 711 ίίχει
690 621 799 708 λόγον.

292 733 338 804 Τὰ
360 742 422 823 μὲν
443 730 503 804 οὖν
531 733 696 816 κινητικόν
717 759 748 799 τι
774 736 830 801 καὶ
859 729 1051 815 παθητικὸν
1079 726 1162 796 εἶναι
1192 726 1286 810 τῆνο

196 845 363 936 μουσικήν,
385 855 442 914 καὶ
464 844 502 914 τὸ
518 851 584 914 τῶν
598 844 707 912 αὐλῶν
721 851 867 928 ἐμποιεῖν
882 840 904 924 ἢ
918 839 1080 931 λατρεύειν
1094 838 1253 920 τὰπάθη

196 962 257 1042 τῆς
271 962 497 1046 παρατροπῆς,
513 960 569 1024 καὶ
584 957 622 1024 τὸ
638 954 842 1042 μεθιστάναι
857 950 918 1032 τάς
932 956 992 1022 τοῦ
1007 939 1254 1040 σώματοςἰιρά-

198 1094 264 1148 σας
286 1068 309 1151 ἢ
332 1071 504 1146 διαθέσεις
526 1062 587 1149 τὴν
608 1065 777 1154 μουσικήν,
806 1071 861 1136 καὶ
885 1061 922 1133 td
946 1062 1058 1143 ἄλλοις
1080 1068 1140 1151 μὲν
1161 1067 1288 1149 μέλε-ο

198 1203 251 1250 σιν
268 1177 561 1265 άναβακχεύεσθαι
576 1173 690 1256 ἄλλοις
705 1181 739 1244 δὲ
755 1176 998 1245 ἀποπαύισθαι
1011 1180 1070 1258 τῆς
1089 1178 1255 1261 βακχείας,

197 1296 253 1360 καὶ
275 1295 345 1370 πῶς
366 1297 401 1357 αἱ
423 1287 548 1356 τούτων
564 1290 722 1379 διαφοραὶ
737 1285 820 1375 πρὸς
834 1284 894 1367 τάς
910 1292 970 1370 τῆς
984 1291 1094 1380 ψυχῆς
1114 1282 1256 1361 ἑκάστας

199 1405 368 1480 διαθέσεις
390 1397 688 1488 προσαρμόττουσι,
711 1405 766 1466 καὶ
789 1397 841 1467 ὅτι
863 1397 903 1467 τὸ
925 1395 1073 1467 ἄστατον
1094 1400 1150 1464 καὶ
1172 1395 1255 1463 άκα-
1273 1409 1290 1460 9

198 1510 365 1580 τάοτατον
387 1514 485 1596 μέλος
507 1507 590 1596 πρὸς
611 1507 671 1589 τάς
694 1509 862 1589 ἐκστάσεις
884 1518 1019 1588 ολκεῖον,
1043 1507 1099 1575 οἷα
1122 1506 1164 1589 δή
1187 1514 1257 1573 ἐστι

198 1617 242 1689 τά
267 1620 437 1709 Ὀλύμπου,
459 1627 516 1688 καὶ
539 1619 605 1688 ὅσα
627 1625 766 1690 τοιαῦτα
788 1625 924 1706 λέγεται,
946 1619 1057 1688 πάντα
1076 1618 1257 1707 ἀλλοτρίως

198 1757 258 1818 μοι
281 1737 370 1800 δοκεῖ
393 1735 555 1816 λέγεσθαι
576 1732 659 1822 πρὸς
685 1731 744 1800 τὸν
773 1730 1039 1819 ἐνθουσιασμόν·
1068 1727 1192 1820 φυσικά
1221 1753 1256 1796 τε
1275 1740 1309 1790 12

172 1874 175 1880 ·
198 1841 264 1932 γάρ
288 1850 358 1917 ἐστι
379 1847 437 1910 καὶ
458 1840 659 1931 άνθράπινα
687 1849 743 1912 καὶ
765 1851 879 1931 τέχνης
903 1844 1064 1930 ἡμετέρας
1091 1844 1188 1927 ἔργα·
1217 1838 1256 1906 τὸ

200 1956 357 2029 δλθεῖον
377 1961 414 2021 ἐν
435 1953 550 2032 αὐτοῖς
572 1953 641 2020 οὐδ
661 1953 847 2023 ὁπωστιοῦν
870 1958 1092 2047 διαφαίνεται.

290 2067 434 2133 Μᾶλλον
457 2057 517 2133 οὖν
540 2073 646 2132 ἐκεῖνα
669 2068 819 2151 λέγομεν,
850 2066 894 2144 ὡς
922 2057 999 2151 dxci
1026 2089 1061 2131 τε
1089 2067 1145 2133 καὶ
1173 2067 1256 2152 μέλη
1276 2079 1309 2129 15

200 2177 425 2264 καθιέρωνται
453 2188 524 2255 τοῖς
554 2179 651 2252 θεοῖς
679 2181 804 2254 ολκείως
832 2173 997 2255 ἑκάστοις,
1026 2173 1196 2261 συγγένειά
1223 2199 1256 2241 τε

272 2341 298 2391 1.
315 2341 432 2407 γίγνεται
451 2342 480 2390 Α.
495 2333 507 2406 ΙΙ
518 2353 574 2408 post
584 2339 732 2406 μίνονταιΒ
747 2339 804 2392 add.
820 2341 872 2390 nal.
946 2341 970 2390 2.
990 2340 1204 2408 ίπιτετελεσμίνα
1222 2340 1256 2392 0.

227 2430 230 2471 ἕ
271 2427 296 2478 3.
324 2421 364 2490 τι]
383 2422 419 2476 sic
438 2424 495 2487 An,
513 2445 543 2478 τε
563 2423 593 2488 C,
611 2444 662 2476 om.
683 2425 715 2477 0·
739 2419 751 2493 ΙΙ
772 2415 839 2478 εἶναι
856 2444 907 2476 om.
928 2427 957 2475 Α.
1065 2425 1091 2478 d.
1120 2419 1207 2490 αὗχῖιν
1225 2425 1256 2477 Β.

272 2510 367 2563 9-10.
395 2507 809 2582 προσαρμόττουσι-ἓκστάσεις
826 2529 878 2562 cm.
897 2509 931 2562 Ο.
1023 2557 1024 2562 ,
1051 2511 1100 2564 10..
1122 2513 1206 2563 οίκεῖα
1224 2511 1256 2563 O.

272 2598 314 2649 11.
345 2596 382 2649 τά
398 2592 551 2667 Ὀλύμπου]
579 2598 704 2665 φαίνεται
728 2591 754 2648 d'
764 2591 901 2664 Ὄλυμπος
927 2591 1045 2664 αὐξήσας
1067 2596 1199 2665 μουσικὴν
1221 2596 1257 2661 τῷ

237 2711 241 2715 -
271 2677 400 2750 sirbonis
417 2702 443 2734 τε
461 2683 506 2733 καλ
524 2678 704 2752 ἀγνοούμενον
722 2679 776 2734 ὑπὸ
795 2679 846 2733 σῦν
865 2684 1018 2751 λμπροσθεν
1037 2685 1195 2750 εἰσαγαγεῖν,
1214 2683 1258 2734 καὶ

272 2763 387 2837 domic
409 2770 537 2834 μειλσθαν
558 2767 606 2834 τῆς
625 2765 771 2836 Ἑλληνικῆς
793 2767 839 2819 καλ
861 2766 941 2834 καλῆς
964 2765 1101 2836 μουσικῆς.
1137 2768 1205 2821 Plut.
1228 2768 1259 2818 dc

271 2853 392 2904 mus12.
409 2854 541 2920 p.1135‹:.
598 2855 645 2906 14..
668 2849 832 2918 ὁπωστιοῦν]
853 2848 923 2912 ὅπως
934 2853 1025 2906 ποιοῦν
1037 2853 1071 2905 D.
1136 2855 1177 2907 16.
1197 2853 1259 2906 ἑκά-

273 2955 338 3002 στης
355 2935 391 2989 D.

201 3078 297 3136 harum
314 3099 405 3136 rerum
423 3100 518 3138 cauom
536 3101 707 3159 percurrero,
731 3093 788 3139 tum
806 3082 941 3159 quomodo
963 3082 1030 3139 liant
1050 3093 1107 3139 tum
1125 3083 1259 3160 quomodo

201 3166 382 3243 perficiantur.

273 3251 356 3326 Quod
377 3253 458 3328 igitur
480 3252 534 3310 dici
558 3252 642 3323 solet,
667 3256 795 3312 musicam
817 3258 890 3312 vires
912 3255 1011 3312 habere
1032 3256 1129 3332 quibus
1152 3275 1203 3311 nos
1226 3255 1261 3311 ad

201 3337 331 3415 agendum
342 3338 552 3416 patiendamque
563 3331 726 3417 permoveat,
746 3341 872 3417 quodque
884 3341 970 3398 soleat
981 3344 1076 3399 animis
1087 3343 1188 3397 uostris
1200 3360 1261 3418 por·

201 3424 368 3482 turbationes
387 3423 485 3482 inferre
504 3435 531 3482 ct
549 3425 660 3495 οοίειτε,
678 3428 803 3484 tibiarum
821 3447 904 3484 sonus
923 3429 1001 3484 eiiam
1021 3427 1261 3505 quodtcmpcriem

202 3513 324 3586 conponis
342 3520 495 3588 permutare
513 3520 540 3568 et
557 3516 661 3569 variare
679 3513 774 3580 valeat,
797 3517 899 3570 musica
918 3513 1043 3590 quodque
1060 3512 1120 3571 aliis
1139 3515 1262 3570 carmini·

201 3593 254 3648 bus
272 3593 431 3652 debacchari
449 3595 528 3654 iaciat
547 3597 607 3654 aliis
626 3612 779 3676 compescat
797 3601 1029 3668 debacchationes,
1047 3608 1075 3655 ct
1093 3597 1261 3675 quemadmo·

202 3677 266 3736 dum
285 3683 431 3737 caminum
450 3681 592 3740 diversitas
610 3688 691 3741 animi
709 3689 796 3743 nostri
814 3688 1000 3745 affectionibus
1019 3689 1158 3754 consonet,
1180 3694 1261 3760 utque

202 3766 299 3840 agitata
317 3775 344 3821 ot
361 3768 481 3843 inquieta
497 3772 615 3826 carmina
633 3773 713 3828 animi
731 3771 875 3830 elevationi
887 3776 1055 3842 conveniant,
1074 3770 1148 3848 quod
1160 3770 1194 3827 do
1207 3788 1262 3825 car·

201 3848 319 3905 minibus
337 3849 449 3929 Olympi
467 3866 633 3932 compertum
651 3868 705 3926 ost,
729 3861 806 3916 item·
817 3880 989 3939 quaecunque
1012 3860 1046 3917 ad
1070 3859 1139 3915 hanc
1157 3866 1262 3913 soutou-

170 3972 186 3997 ›,
202 3936 268 3992 iiam
286 3935 376 3992 afferri
394 3936 482 4005 viduo,
505 3944 592 3998 omnia
611 3944 676 4000 mihi
696 3946 805 4022 quidem
828 3949 918 4025 inepto
936 3947 970 4004 ad
988 3945 1200 4004 enumiasmum
1217 3963 1262 4020 ap-

202 4019 299 4098 plicari
316 4019 456 4078 videntur:
475 4027 604 4084 naturalia
622 4033 693 4088 onim
710 4043 774 4089 sunt
791 4043 819 4089 ot
837 4034 950 4090 humana
968 4044 996 4091 ot
1013 4035 1080 4090 artis
1098 4042 1207 4090 nostras
1223 4032 1262 4086 in·

205 4116 294 4174 sonu,
313 4105 399 4164 divini
417 4119 505 4168 autem
522 4113 551 4167 in
569 4113 625 4170 illis
643 4117 711 4173 nihil
729 4119 874 4196 quidquam
893 4111 1010 4198 apparotss

273 4191 322 4250 Illa
341 4195 422 4270 igitur
440 4195 559 4255 adhaec
576 4203 666 4277 potius
685 4203 841 4282 suplicando
860 4205 983 4274 dicimus,
1002 4205 1075 4282 quod
1093 4207 1155 4262 soni
1165 4215 1194 4263 ct
1206 4226 1262 4263 car·

200 4276 274 4351 mina
292 4276 344 4336 diis
363 4293 554 4342 consecrantur
572 4305 619 4343 suo
638 4294 733 4366 cuique
750 4293 868 4368 propria,
893 4291 965 4367 quod
984 4292 1066 4348 sitin
1084 4293 1127 4349 his
1146 4292 1262 4351 affinitas
