2776 4876
176 372 227 426 194
1162 367 1188 431 ⁴,
1199 367 1234 419 10

174 525 212 594 τὸ
235 526 362 593 δίκαιον
385 528 437 590 ἐπὶ
460 520 502 589 τά
526 525 641 612 φαῦλα
663 518 702 589 τὸ
725 519 913 609 διδόμενον·
938 524 994 587 καὶ
1017 519 1037 602 ἡ
1061 524 1121 606 μὲν
1146 519 1240 587 κατάΙ

173 643 255 727 μίαν
269 637 435 725 ἁρμονίαν
450 638 511 702 τοῦ
525 632 652 722 κόσμου
667 631 709 700 τά
723 629 925 723 πορρωτάτω
941 640 1029 701 ποιεῖ
1044 644 1231 722 συνεργεῖν

174 757 200 817 εί
223 752 257 816 δέ
280 774 329 825 τις
351 752 449 814 τοῦτο
472 743 683 833 καταμαθών
712 750 815 813 ἕλκειν
843 748 1020 831 ἐπιχειροίη
1049 741 1096 832 μὴ
1126 748 1234 823 καλῶς
1254 759 1269 809 3

172 864 293 950 μοίρας
316 856 409 937 τινάς
430 863 490 925 τοῦ
513 855 638 936 παντὸς
661 865 706 934 είς
729 864 823 946 ἕτερα
845 861 937 943 μέρη,
963 854 1002 923 οὐ
1025 854 1067 924 τά
1090 880 1126 940 γε
1150 852 1234 923 ἐκεί-

172 997 232 1039 νου
255 971 354 1050 αίτια,
377 969 450 1036 ἀλλ’
471 969 492 1051 ἡ
515 975 580 1035 τῶν
608 965 800 1058 ἀνθρώπων
827 965 938 1053 τόλμα
960 971 1015 1035 καὶ
1039 963 1235 1055 παράβασις

172 1087 232 1165 τῆς
254 1090 289 1150 ὲν
311 1087 358 1166 τῷ
380 1079 493 1166 κόσμῳ
507 1077 634 1161 τάξεως
643 1083 845 1170 παρατρέπει
859 1075 901 1144 τά
915 1076 1002 1145 καλά
1017 1082 1074 1145 καὶ
1095 1074 1233 1164 νόμιμα.
1253 1095 1269 1146 6

173 1191 272 1261 ὁπότε
295 1190 336 1274 δὴ
360 1185 420 1260 οὖν
448 1189 522 1259 οὔτε
553 1198 584 1259 οἱ
607 1194 687 1259 θεοὶ
715 1193 815 1279 δρῶσι
844 1186 887 1256 τά
914 1186 1120 1276 δοξαζόμενα
1148 1185 1236 1256 εἶναι

171 1302 311 1393 πονηρά,
336 1302 408 1370 ἀλλ’
428 1309 463 1369 αἱ
487 1302 701 1386 καθήκουσαι
724 1301 782 1368 ἀπ’
797 1301 906 1370 αὐτῶν
929 1299 1044 1392 φάσεις
1065 1326 1100 1367 τε
1116 1304 1173 1368 καὶ
1189 1297 1236 1366 τά

172 1414 326 1502 σώματα·
350 1411 423 1482 οὔτε
447 1411 532 1482 αὐτά
555 1420 660 1481 ταῦτα
689 1411 792 1492 οὕτως
821 1412 864 1491 ὡς
885 1411 1054 1498 νομίζεται
1081 1410 1269 1479 ἐνδίδωσιν

173 1525 397 1613 πλημμέλειαν
420 1551 495 1595 τινα
517 1525 578 1618 ἀφ’
599 1525 717 1606 αὐτῶν,
746 1529 799 1591 ἐπὶ
823 1528 971 1613 σωτηρίᾳ
993 1520 1035 1606 δὴ
1058 1526 1122 1591 τῶν
1146 1520 1235 1590 ὅλων

172 1645 375 1723 καταπέμπει
399 1647 468 1715 τοῖς
490 1641 564 1726 περὶ
587 1642 651 1721 γῆν
672 1634 733 1715 τὰς
755 1639 876 1713 οἰκείας
904 1633 1105 1724 ἀπορροίας,
1134 1640 1172 1703 οί
1197 1660 1234 1702 τε

174 1747 438 1835 παραδεχόμενοι
461 1723 565 1825 αὐτάς
595 1748 744 1836 συμμίξει
766 1749 806 1839 τῇ
828 1750 933 1833 οίκείᾳ
954 1750 1011 1814 καὶ
1032 1748 1235 1837 παρατροπῇ
1253 1753 1284 1804 12

172 1857 464 1946 μεταπλάττουσιν,
487 1864 603 1949 ἑτέρως
617 1884 651 1926 τε
668 1861 842 1944 διδομένας
864 1857 914 1925 ἐπ’
934 1853 1021 1925 άλλα
1041 1855 1232 1944 μετάγουσι.

172 1975 227 2038 καί
256 1973 375 2062 κομιδῇ
404 1971 437 2050 ἐξ
466 1968 625 2038 ἁπάντων
659 1968 784 2037 τούτων
818 1969 970 2037 ἀναίτιον
1004 1969 1235 2036 ἀποδέδεικται

173 2081 257 2149 εἶναι
280 2087 345 2148 τῶν
368 2086 477 2147 κακῶν
499 2085 554 2148 καὶ
577 2081 700 2149 ἀδίκων
723 2077 761 2147 τὸ
784 2084 893 2150 θεῖον.
1252 2091 1284 2142 15

243 2342 268 2393 3.
296 2337 395 2406 τοῦτο]
414 2339 448 2390 sic
470 2339 550 2402 ACD,
578 2359 628 2390 orn.
648 2338 681 2391 0.
758 2339 783 2390 9.
812 2335 860 2403 ὡς]
880 2336 914 2388 sic
934 2339 963 2401 Α,
988 2358 1037 2389 nm.
1058 2337 1091 2390 0.
1116 2331 1129 2405 ss
1154 2339 1233 2407 κομί-

242 2425 314 2485 ζεται
333 2425 362 2477 Β.
483 2427 522 2477 10.
552 2422 628 2490 τινα]
648 2423 682 2475 sic
703 2422 782 2486 AGD,
807 2444 835 2475 τε
854 2423 885 2485 Β,
913 2444 964 2475 nm.
984 2424 1017 2477 0,
1042 2418 1055 2492 ii
1079 2421 1180 2476 ίαυεῶν
1203 2425 1231 2474 Α.

256 2505 268 2578 ΙΙ
282 2509 329 2578 δὴ]
350 2513 376 2563 δὲ
396 2514 426 2563 Α.
528 2513 568 2562 12.
596 2505 823 2581 παραδεχόμενοι]
843 2508 1015 2579 κατεχόμενοι
1034 2509 1129 2575 CReg.
1141 2510 1231 2562 Feseh.

244 2597 285 2649 13.
312 2594 563 2666 μεταπλάετουσιν]
589 2596 624 2646 εἰσ
647 2594 730 2657 ΑΕΒ,
767 2593 994 2664 μεταλλάσσουσιν
1021 2597 1055 2650 0.
1096 2591 1110 2664 ΙΙ
1153 2598 1232 2649 διδω-

243 2685 324 2751 μένας
336 2684 370 2734 D.
478 2684 519 2734 44.
547 2685 661 2735 ιἰιιίοιυ.
683 2680 738 2734 CD.

172 2935 251 2991 nibus
269 2933 349 3012 paulo
368 2946 476 3015 praeter
493 2947 622 3005 naturam,
639 2937 779 2994 muleiieus
797 2956 862 2992 vero
880 2937 959 3016 plena
977 2936 1113 2994 voluntate
1123 2949 1233 3016 praeter

172 3041 285 3097 aequum
303 3022 447 3077 sibonum
465 3022 494 3077 id
512 3023 585 3098 quod
608 3024 819 3080 communicatur
840 3023 874 3078 ud
892 3023 990 3081 malum
1013 3023 1102 3080 trahit.
1147 3045 1232 3102 porro

171 3127 287 3185 superna
305 3110 509 3165 communicatio
528 3129 577 3186 per
594 3109 744 3188 simplicem
762 3119 899 3184 ratemque
917 3108 991 3165 illam
1008 3110 1100 3166 mundi
1120 3130 1233 3168 coneur-

171 3193 242 3249 dium
260 3203 351 3270 partes
369 3193 540 3269 longissimas
560 3195 657 3252 effectu
676 3215 725 3252 suo
743 3197 843 3272 tungit3
866 3197 890 3250 si
909 3198 970 3272 quis
989 3199 1096 3252 interim
1113 3196 1167 3254 hoe
1187 3197 1233 3254 de-

170 3279 340 3358 prehendens
359 3278 484 3336 molietur
507 3283 599 3357 inique
621 3292 713 3360 partes
736 3291 858 3337 sortesve
881 3285 1000 3338 universi
1022 3294 1178 3360 pervertere
1202 3286 1232 3340 in

170 3365 237 3422 alies
255 3376 359 3443 partes,
384 3386 448 3422 sane
466 3366 509 3422 his
527 3367 590 3423 mali
609 3369 747 3444 sequentis
766 3387 845 3423 eausa
863 3386 918 3423 non
935 3378 979 3424 est
1000 3369 1155 3437 tribuenda,
1180 3369 1231 3426 sed

169 3451 307 3509 huminum
325 3452 451 3508 audaciae
468 3462 496 3508 et
518 3455 725 3529 transgressitni
744 3472 811 3528 quae
834 3473 863 3508 ea
888 3474 956 3529 quae
976 3456 1049 3510 iuxta
1071 3455 1163 3511 mundi
1189 3476 1234 3512 οι·-

170 3539 261 3595 dinem
278 3539 348 3594 bona
367 3549 431 3594 sunt
448 3548 476 3594 et
492 3537 619 3593 salutaria
637 3547 802 3617 pervertunt.
848 3541 1063 3616 quandoquidem
1085 3543 1167 3616 igitur
1185 3563 1233 3598 ne·

171 3642 224 3698 que
241 3625 295 3699 ipsi
314 3623 351 3679 dii
369 3623 468 3681 iaciunt
485 3622 554 3678 mala
573 3644 640 3699 qnue
658 3625 792 3692 videntur,
811 3625 861 3680 sed
873 3636 983 3682 naturae
995 3636 1023 3682 et
1033 3647 1148 3705 corpore
1160 3648 1232 3704 quae

171 3707 299 3763 divinitus
319 3709 497 3776 descendunt3
517 3709 566 3764 sed
583 3729 633 3765 nee
651 3708 718 3768 haee
735 3713 802 3788 ipse,
821 3721 903 3790 prout
920 3710 1042 3790 plerique
1058 3713 1232 3781 arbitrantur,

116 3830 132 3839 ··
171 3813 185 3847 ε
205 3812 236 3848 se
253 3795 321 3870 ipsis
341 3797 434 3851 vitium
453 3797 657 3864 communicant,
674 3797 725 3853 sed
745 3798 778 3853 ed
796 3798 909 3855 sulutem
927 3800 1010 3854 totius
1029 3800 1146 3856 influxus
1164 3820 1232 3856 suos

171 3877 207 3934 ed
223 3887 329 3932 terrene
347 3879 473 3955 dirigunt,
492 3891 520 3936 et
539 3883 649 3957 quiens
667 3885 802 3962 recipiunt
819 3887 938 3963 propriis
957 3886 1080 3941 mixturis
1099 3895 1127 3941 et
1145 3896 1234 3942 mutn-

170 3961 291 4019 tionibus
309 3974 481 4038 pervertunt‚
504 3966 637 4044 aliumque
659 3971 686 4024 in
709 3970 790 4026 finem
808 3973 905 4027 missas
929 3970 963 4027 ad
985 3970 1067 4027 alium
1090 3971 1231 4028 diversum

170 4047 341 4104 transferunt.
387 4058 468 4124 atque
487 4071 520 4105 ex
539 4053 580 4108 his
599 4055 721 4111 omnibus
741 4057 845 4113 abunde
868 4056 1034 4112 ostendimus
1052 4057 1183 4115 melorum
1203 4070 1232 4115 et

170 4134 269 4189 iniuste
286 4133 416 4191 factorum
434 4154 528 4190 causas
545 4137 579 4192 ed
595 4138 663 4195 dens
681 4141 775 4198 referri
793 4163 847 4199 non
866 4153 999 4220 oportere.
