2776 4876
138 360 164 422 4,
176 361 192 412 5
1141 358 1193 415 187

136 515 196 594 τῆς
218 515 328 601 ψυχῆς
347 513 414 580 τῶν
435 509 647 601 πασχόντων·
670 508 753 600 άπερ
769 518 801 579 οἱ
816 508 994 598 ἀνθρωποι
1010 513 1068 600 οὐχ
1089 513 1193 603 ὁρῶν-

137 649 190 702 τες
210 624 400 710 νομίζουσιν
423 618 543 702 αὐτοὺς
564 622 684 703 ἀδίκως
698 627 901 713 περιπίπτειν
915 632 989 702 ταῖς
1005 634 1193 714 συμφοραῖς

103 755 118 806 3
138 731 192 813 αἶς
214 731 387 821 πάσχουσι.

230 849 298 913 Καὶ
318 843 402 934 πρὸς
427 843 488 928 τὴν
517 844 679 934 πρόνοιαν
708 848 742 912 δὲ
770 841 809 912 τό
838 842 921 914 αὐτό
950 851 1048 914 τοῦτο
1077 849 1229 924 κοινῶςό

137 955 300 1026 reddare
322 963 354 1024 οἱ
369 961 487 1026 πολλοὶ
502 971 736 1048 προσαπορεῖν,
760 961 795 1023 οί
810 981 895 1036 τινες
908 951 999 1042 παρά
1015 952 1078 1038 τὴν
1093 956 1192 1038 ἀξίαν

103 1073 243 1148 ςκαιιῶς
269 1066 435 1156 πάσχουσι
461 1071 565 1156 μηδὲν
592 1067 781 1151 ἠδικηκότες
807 1067 978 1156 πρότερον.
1025 1067 1100 1136 οὐδὲ
1127 1063 1192 1155 γάρ

137 1184 289 1248 ἐνταῦθα
310 1178 470 1248 δύνανται
491 1181 769 1266 ἀναλογίζεσθαι,
798 1183 848 1258 τίς
869 1172 955 1248 οὖσα
976 1178 998 1262 ἡ
1020 1173 1110 1270 ψυχὴ
1135 1184 1193 1247 καὶ

139 1294 215 1358 τίνα
236 1295 355 1380 ἔχουσα
378 1290 439 1374 τὴν
461 1289 544 1374 ὅλην
565 1290 651 1374 ζωὴν
672 1296 728 1360 καί
749 1289 841 1360 πόσα
863 1298 899 1360 ἐν
919 1297 1091 1381 προτέροις
1105 1294 1194 1378 βίοις

103 1424 119 1475 9
138 1400 397 1492 διαμαρτήσασα
419 1401 585 1491 τυγχάνει,
613 1408 670 1472 καὶ
698 1411 725 1471 εί
748 1401 816 1492 ἀρα
837 1401 956 1490 πάσχει
978 1406 1086 1470 ταῦτα
1108 1400 1197 1492 άπερ

137 1517 270 1595 εποίησε
292 1514 472 1605 πρότερον·
500 1517 666 1584 πολλὰδὲ
693 1520 751 1584 καὶ
779 1513 946 1584 λανθάνει
973 1511 1034 1593 τάς
1055 1514 1193 1603 ἀνθρω-

138 1628 236 1704 πίνας
258 1625 450 1711 διαγνώσεις
472 1626 670 1716 ἀδικήματα,
692 1639 761 1706 τοῖς
784 1629 819 1694 δὲ
834 1631 932 1705 θεοῖς
951 1631 1022 1694 εστὶ
1036 1624 1193 1713 γνώριμα,

86 1755 120 1805 12
138 1740 207 1803 ἐπεὶ
229 1736 306 1806 οὐδὲ
327 1734 387 1806 τόν
410 1735 513 1807 αὐτόν
535 1735 661 1807 σκοπόν
676 1748 746 1818 τοῖς
761 1736 955 1828 ἀνθρώποις
976 1741 1195 1825 προτίθενται

137 1850 197 1927 τῆς
219 1847 436 1932 δικαιοσύνης.
482 1849 556 1918 ἀλλ’
575 1856 607 1918 οἱ
635 1855 695 1935 μὲν
724 1845 902 1939 ἀνθρωποι
929 1845 991 1929 τὴν
1021 1850 1110 1915 ίδίαν
1135 1851 1195 1930 τῆς

137 1962 246 2047 ψυχῆς
267 1959 497 2048 αὐτοπραγίαν
518 1965 574 2028 καὶ
596 1959 657 2041 τὴν
678 1958 764 2029 κατά
786 1957 863 2039 τοὺς
891 1964 1109 2038 καθεστῶτας
1136 1957 1193 2027 νό-

86 2093 119 2142 15
137 2093 220 2153 μους
241 2074 297 2136 καὶ
320 2066 380 2149 τὴν
402 2077 592 2158 κρατοῦσαν
619 2076 789 2140 πολιτείαν
818 2068 982 2157 διανομὴν
1009 2076 1067 2152 τῆς
1097 2068 1194 2150 ἀξίας

140 2179 358 2269 ἀφορίζονται
380 2179 463 2249 εἶναι
486 2181 712 2264 δικαιοσύνην
741 2189 772 2249 ol
793 2189 906 2268 μέντοι
927 2185 1008 2248 θεοὶ
1028 2179 1111 2270 πρὸς
1133 2177 1194 2263 τὴν

139 2287 222 2372 ὅλην
245 2295 305 2359 τοῦ
325 2291 453 2378 κόσμου
475 2291 625 2373 διάταξιν
647 2298 704 2360 καὶ
726 2291 810 2382 πρός
831 2289 892 2373 τὴν
915 2296 1102 2359 συντέλειαν
1124 2303 1194 2370 τοῖς

88 2420 120 2471 18
139 2405 235 2480 θεοῖς
256 2408 322 2472 τῶν
343 2409 459 2495 ψυχῶν
481 2404 734 2491 ἀποβλέποντες,
762 2400 822 2486 τὴν
845 2407 952 2491 κρίσιν
975 2406 1040 2469 τῶν
1063 2404 1193 2469 δικαιω-

137 2512 252 2598 μάτων
269 2514 489 2599 ἐπιβάλλουσι.
525 2512 637 2605 διόπερ
653 2513 694 2598 δὴ
711 2514 817 2593 άλλως
833 2519 893 2601 μὲν
906 2510 999 2602 παρά
1013 2524 1083 2593 τοῖς
1097 2517 1194 2591 θεοῖς

209 2720 233 2770 5.
262 2722 351 2777 είτινες
370 2718 426 2769 ΑΙ).
500 2720 523 2771 6.
551 2715 637 2771 κακῶν
655 2723 685 2770 Α.
765 2723 789 2774 7.
817 2719 930 2774 δύναται
949 2721 979 2770 Α.
1059 2721 1100 2770 11.
1128 2718 1192 2787 γνό-

208 2829 278 2881 Θημα
296 2806 331 2856 D·
421 2807 462 2857 17.
490 2804 652 2870 annullatur]
678 2811 829 2875 συγγένειαν
852 2806 915 2858 Gale
933 2820 984 2857 not.
1076 2808 1117 2859 19.
1145 2800 1192 2856 all,-

207 2897 257 2946 λων
274 2892 331 2943 BD.
356 2886 369 2960 ll
392 2889 454 2959 μὲν]
473 2895 565 2961 μέντοι
582 2894 616 2945 0.

137 3103 241 3180 punita:
261 3098 335 3176 quod
353 3119 413 3156 oum
429 3099 553 3156 homines
571 3118 624 3155 nou
637 3102 703 3157 satis
714 3100 933 3168 animadvertunt,
951 3109 1047 3177 putant
1062 3118 1092 3154 se
1104 3090 1193 3156 inusto

137 3192 172 3245 iis
191 3207 258 3264 quae
276 3187 413 3265 patiuntur
429 3185 562 3263 implicari
580 3184 666 3243 malis.

207 3272 313 3330 Eodem
329 3271 409 3330 modo
428 3273 518 3329 solent
536 3272 723 3352 quamplurimi
741 3274 775 3332 de
792 3272 961 3353 providentia
979 3269 1145 3338 addubitare,
1168 3272 1192 3326 si
1210 3269 1229 3328 5

139 3365 185 3440 qni
202 3372 307 3442 praeter
324 3362 448 3417 meritum
467 3358 534 3416 mala
552 3362 695 3438 patiantur,
714 3383 774 3420 oum
791 3364 846 3440 ipsi
858 3358 926 3416 nihil
936 3361 1012 3436 prius
1025 3358 1124 3412 iniuste
1136 3376 1194 3432 ege·

138 3453 201 3507 rint.
245 3467 337 3507 revera
355 3449 426 3503 enim
444 3445 485 3503 illi
503 3465 564 3503 non
575 3460 690 3525 possunt
701 3449 819 3528 perfecte
832 3445 981 3522 intelligere
993 3445 1107 3500 snimaun
1119 3462 1194 3498 suam

139 3537 226 3613 qualis
245 3538 295 3602 sit,
319 3532 424 3610 qualem
446 3534 529 3590 vitam
551 3535 580 3590 in
603 3539 759 3595 universum
776 3538 873 3613 egerit,
897 3531 970 3609 quod
991 3531 1144 3609 peccaverit
1165 3531 1194 3585 in

138 3632 209 3680 statu
227 3619 403 3686 antecedenti,
422 3628 450 3674 et
467 3629 557 3676 utrum
567 3623 620 3680 iam
632 3627 748 3701 patiatur
760 3641 827 3698 quae
839 3622 915 3698 prius
927 3616 997 3675 male
1005 3616 1079 3674 lecit.
1125 3615 1194 3673 adde

139 3706 212 3786 quod
230 3709 310 3763 etlam
327 3708 356 3762 in
372 3705 424 3762 hau
441 3707 497 3762 vita
514 3706 597 3764 multa
614 3711 714 3767 iniuste
732 3709 800 3766 lauta
819 3706 923 3782 logium
946 3706 1083 3761 homiuum
1105 3706 1194 3782 cogni-

138 3798 248 3863 tionem,
269 3813 337 3869 quae
354 3803 443 3850 tamen
456 3793 522 3850 deor
536 3796 644 3852 minime
656 3796 749 3862 latent,
768 3795 893 3871 quoniam
905 3791 984 3850 aliam
994 3792 1064 3849 forte
1075 3792 1110 3848 de
1121 3794 1193 3848 insto

138 3886 276 3940 notionem
294 3901 373 3958 quam
389 3880 512 3937 homines
530 3880 681 3938 admittunt.
726 3882 849 3938 homines
861 3882 990 3937 iustitiam
1002 3878 1133 3936 deliniunt
1144 3899 1194 3957 per

139 3973 278 4050 proprium
296 3970 399 4026 animae
417 3966 535 4024 officium
553 3977 581 4024 et
603 3987 652 4045 per
673 3968 889 4025 distributionem
912 3971 953 4025 sui
976 3969 1073 4044 cuique
1095 3968 1192 4033 meriti,

139 4061 211 4114 iuxta
230 4056 302 4134 leges
320 4057 500 4134 praescriptus
519 4064 546 4111 et
564 4053 687 4132 politiam
705 4066 851 4134 receptam:
871 4055 910 4113 dii
927 4076 992 4112 vero
1005 4057 1103 4110 iustum
1116 4054 1194 4109 aesti-

139 4153 213 4201 mant
231 4165 265 4200 ex
283 4154 408 4221 respectu
427 4141 461 4199 ad
478 4142 674 4199 ordinationem
691 4145 774 4200 totius
792 4143 893 4213 mnndi,
917 4150 1092 4221 spectantque
1109 4148 1193 4196 totam

140 4232 285 4288 animarum
303 4233 482 4308 cognitionem
501 4229 572 4308 apud
595 4229 661 4288 deos
684 4241 825 4290 extantem.
870 4231 923 4288 alio
947 4231 1028 4304 igitur
1049 4225 1130 4283 modo
1154 4226 1192 4290 dii
