2776 4876
208 318 264 382 3,2
1216 327 1267 385 103

205 497 268 561 χον
290 470 356 561 γάρ
378 481 483 542 κεῖται
503 475 542 541 τὸ
566 476 684 560 σῶμα),
706 474 820 553 αὐτοῖς
840 482 954 563 μέντοι
973 501 1009 561 γε
1032 477 1075 555 ῶς
1096 475 1184 566 ὕπαρ
1208 480 1265 564 οὐ·

207 589 276 654 κέτι
289 586 633 673 παρακολουθοῦντες.
668 589 773 655 ταῦτα
789 591 900 654 τοίνυν
914 583 937 655 ἀ
952 590 1054 674 λέγεις
1068 591 1265 675 συμβαίνειν

173 710 189 765 ³
209 699 329 767 ε’ίωθεν
352 699 405 765 ἐπὶ
427 698 493 763 τῶν
515 695 741 782 ἀνθρωπίνων
764 697 899 787 ὀνείρων
912 702 970 770 καί
985 701 1050 770 τῶν
1065 697 1134 769 ἀπὸ
1148 705 1265 795 φυχῆςη

210 801 233 888 ἢ
253 810 321 877 τῶν
342 813 378 875 έν
400 806 480 892 ἡμῖν
495 810 629 875 ἐννοιῶν
645 803 667 890 ἢ
682 806 770 894 λόγῳ
785 807 1059 895 ἀνακινονμένων,
1080 804 1102 891 ἢ
1117 807 1182 880 ὅσα
1197 796 1264 885 ἀπὸ

208 920 403 1007 φαντασιῶν
431 923 588 1006 ἐγείρεται
617 915 638 1000 ἦ
667 943 764 986 τινων
792 922 1027 1005 μεθημερινῶν
1061 925 1264 1012 φροντίδων·

174 1025 232 1099 od
254 1028 329 1100 τότε
350 1034 411 1115 μέν
433 1036 522 1099 εστιν
543 1029 661 1111 ἀληθῆ
689 1027 763 1101 τότε
793 1033 827 1097 δὲ
856 1033 973 1121 φευὸῆ,
1001 1034 1057 1101 καὶ
1086 1035 1139 1103 sat
1167 1057 1265 1105 τινων

207 1145 268 1228 μὲν
291 1138 441 1227 τυγχάνει
461 1145 521 1211 τοῦ
543 1137 647 1220 ὄντος,
670 1143 724 1209 sat
745 1144 780 1211 δὲ
802 1145 867 1212 τῶν
884 1143 1015 1208 πολλῶν
1036 1140 1264 1230 ἀποτυγχάνει

209 1251 248 1322 οὐ
269 1246 337 1336 μὴν
359 1257 395 1323 οί
414 1277 450 1337 γε
473 1249 681 1336 θεόπεμπτοι
702 1249 898 1336 καλούμενοι
927 1248 1048 1338 ὄνειροι
1070 1256 1191 1323 τοῦτον
1212 1259 1264 1343 yl-

174 1378 323 1429 tuoucou
343 1359 403 1431 τόν
425 1360 551 1452 τρόπον
573 1359 673 1453 όνπερ
696 1360 738 1431 σὺ
759 1368 875 1447 λέγεις·
898 1361 973 1430 ἀλλ’
993 1358 1067 1444 ἤτοι
1087 1367 1146 1431 τοῦ
1160 1361 1265 1435 ὕπνον

207 1472 454 1553 ἀπολείποντος,
476 1471 667 1561 ἀρχομένων
688 1470 764 1561 ἀρτι
785 1479 1006 1564 ἐγρηγορέναι
1027 1462 1159 1543 ἀκούειν
1177 1472 1263 1563 πάρ-

208 1587 277 1654 εστί
298 1608 387 1663 τινος
409 1588 524 1676 φωνῆς
546 1583 711 1670 συντόμου
739 1589 814 1671 περὶ
843 1589 907 1656 τῶν
927 1588 1096 1673 πρακτέων
1116 1584 1264 1679 ὑφηγου·

156 1706 190 1757 12
207 1701 314 1782 μένης,
337 1688 360 1777 ἢ
379 1695 503 1782 μεταξὺ
523 1701 583 1765 τοῦ
604 1701 818 1785 ἐγρηγορέναι
839 1701 896 1763 καὶ
918 1693 1097 1767 καθεύδειν
1120 1691 1263 1779 όντωνῆ

207 1811 262 1876 καί
277 1809 446 1886 παντελῶς
460 1804 686 1896 ἐγρηγορότων
701 1814 737 1875 ut
752 1813 863 1898 φωναί
877 1807 1066 1878 ἀκούονται.
1111 1809 1167 1873 καί
1182 1810 1262 1874 ποτὲ

208 1922 268 2002 μὲν
290 1917 419 2009 ἀφανὲς
448 1922 505 1985 καὶ
534 1914 713 2003 ἀσώματον
734 1923 863 2006 πνεῦμα
890 1925 1029 2007 περιέχει
1055 1914 1160 2002 κύκλῳ
1188 1912 1264 1999 τοὺς

156 2045 189 2094 15
208 2035 466 2114 κατακειμένους,
488 2027 532 2111 ῶς
554 2025 673 2117 ὅρασιν
693 2033 753 2113 μέν
776 2029 879 2101 αὐτοῦ
899 2025 947 2116 μη
968 2039 1131 2116 παρεῖναι,
1152 2023 1214 2111 τὴν
1228 2029 1264 2097 δέ

208 2136 313 2222 ἀλλην
336 2143 560 2222 συναίσθησιν
582 2143 638 2210 καὶ
666 2138 967 2230 παρακολούθησιν
995 2137 1165 2227 ὑπάρχειν,
1192 2141 1262 2226 ῥοι·

279 2421 303 2472 4.
330 2414 447 2484 ἐννοιῶν]
470 2414 559 2472 εάνιῶν
579 2422 609 2472 A.
630 2413 643 2487 ΙΙ
663 2418 746 2486 λόγων
766 2417 844 2471 ACD.
953 2419 981 2469 5.
1010 2415 1213 2486 μεθημεριμνῶν
1231 2413 1263 2467 Β.

280 2508 304 2558 t.
331 2508 396 2556 noel
413 2511 460 2573 μέν
479 2519 503 2556 et
520 2508 586 2557 noui
604 2506 632 2557 dl
652 2509 681 2556 A.
755 2507 779 2557 t.
788 2507 813 2558 7.
840 2505 917 2556 τίνων
935 2498 1061 2570 τυγχάνει
1077 2500 1114 2569 μὴ
1132 2497 1210 2559 ὄντος
1228 2500 1261 2551 l).

280 2594 303 2644 7.
330 2586 524 2658 ἀποτυγχάνει]
542 2589 577 2642 sic
595 2588 676 2653 Aen,
694 2584 877 2658 ἀποτυγχάνει
894 2587 944 2641 τοῦ
963 2585 1040 2646 ὄντος
1058 2586 1092 2639 0.
1164 2587 1189 2638 8.
1216 2583 1262 2652 γε]

278 2678 312 2729 εἰτ’
327 2678 383 2741 AD,
400 2697 430 2729 τε
444 2679 477 2730 0.
497 2670 510 2744 ΙΙ
532 2673 726 2747 θεόπεμποιΰ.
798 2676 823 2728 9.
850 2671 925 2742 ἤτοι]
944 2670 961 2742 ἢ
980 2694 1007 2725 τι
1025 2674 1057 2725 A.
1130 2674 1172 2725 10.
1190 2669 1262 2725 ἀπο-

278 2761 401 2822 λιπόντος
420 2762 481 2826 AD,
507 2757 700 2822 ἀπολείποντες
718 2761 748 2814 Β.
858 2764 902 2814 11.
928 2757 1004 2831 περί]
1027 2758 1063 2810 εἰσ
1083 2757 1138 2821 AC,
1163 2759 1209 2826 τῆς
1228 2758 1261 2810 0.

279 2851 320 2902 ld.
347 2845 481 2922 ἀναφωνλς
500 2850 530 2908 A,
549 2843 648 2918 ἀναφὲς
667 2847 724 2901 CD.
798 2849 840 2901 tt.
868 2852 1029 2914 σννίσθησιν
1050 2847 1079 2896 A.

208 3154 296 3202 umen
314 3153 342 3201 et
359 3142 440 3210 clare,
458 3164 490 3203 uc
502 3144 526 3199 si
538 3141 716 3219 vigilaremus,
735 3161 784 3202 nos
797 3161 851 3202 uon
863 3142 978 3218 assequi.
1026 3140 1093 3201 haec
1104 3139 1184 3214 igitur
1195 3157 1263 3213 queo

208 3230 277 3287 dicis
296 3228 386 3287 locum
407 3228 508 3288 hubent
530 3231 558 3289 iu
580 3231 694 3289 somniis
712 3248 812 3304 εοεαε
837 3229 925 3287 censis
948 3224 1070 3285 humenis
1092 3223 1263 3302 proveniunt,

207 3336 304 3394 nempe
322 3336 390 3393 quse
407 3316 441 3372 ab
459 3318 545 3375 anime
563 3324 655 3373 nostru
677 3324 723 3375 aut
741 3335 755 3371 e
774 3313 978 3392 cogitationibus
996 3312 1098 3375 nostris
1121 3319 1166 3367 out
1189 3328 1204 3361 ε
1223 3326 1262 3365 ru·

208 3403 280 3458 tione
298 3412 463 3471 mercentur,
482 3412 528 3461 eut
545 3401 661 3476 denique
672 3421 740 3476 quse
752 3403 919 3459 concitentur
930 3399 964 3457 ab
975 3393 1205 3474 imaginationibus
1217 3401 1263 3455 sut

207 3489 279 3547 curis
297 3487 414 3546 diurnis:
438 3487 553 3547 ethaeo
578 3487 686 3564 quidem
708 3485 852 3569 aliquando
874 3486 940 3544 false
963 3480 1211 3562 deprehenduntnr,
1233 3478 1262 3538 iu

208 3571 343 3627 nonnullis
362 3592 419 3628 rem
437 3575 570 3649 attingunt
587 3575 615 3628 in
634 3572 817 3650 complurimis
836 3574 967 3629 aberrent.
1012 3570 1116 3625 somnia
1139 3582 1204 3625 vero
1222 3562 1262 3625 di·

207 3660 309 3715 vinitus
327 3660 409 3717 misso
427 3678 482 3717 non
499 3661 536 3717 iu
557 3678 589 3716 se
610 3655 709 3719 hubent
730 3669 760 3720 ut
777 3669 807 3720 tu
825 3660 877 3717 ism
899 3657 1005 3722 distem
1028 3654 1079 3713 ssd
1100 3651 1145 3713 vel
1166 3669 1261 3711 somno

208 3746 330 3811 abeunte,
350 3764 410 3802 cum
427 3746 480 3802 inm
497 3745 640 3821 incipimus
656 3744 792 3822 evigilare,
814 3762 909 3801 vocem
925 3741 1034 3801 brevem
1057 3760 1125 3816 quoe
1143 3736 1208 3815 quil
1226 3738 1264 3795 sil

208 3829 358 3888 faciendum
375 3829 479 3897 docent.
497 3827 589 3890 utilite
605 3829 740 3897 videntum
758 3827 803 3889 vel
821 3829 891 3890 inter
901 3823 1019 3902 vigilium
1029 3833 1058 3883 et
1069 3844 1200 3894 somnum.
1217 3820 1262 3889 Vel

208 3938 270 3974 cum
287 3915 367 3994 pinne
386 3912 601 3991 evigilaverimus
622 3935 705 3977 vncos
728 3913 877 3975 audiuntur.
926 3911 1085 3988 quandoque
1107 3912 1187 3971 etism
1208 3909 1262 3984 spi·

209 4005 277 4060 ritus
299 4002 408 4079 quidam
430 3998 575 4063 invisibilis
598 4011 625 4057 et
646 4002 821 4078 incorporeus
844 4019 874 4059 se
896 3997 1043 4060 iacentibus
1067 3990 1263 4065 circumfundit,

209 4092 247 4148 its
265 4100 295 4147 ut
313 4110 367 4146 non
385 4087 473 4148 oculis
489 4085 540 4147 sod
559 4085 612 4148 alio
635 4084 750 4163 quodam
771 4106 853 4150 seusu
873 4095 902 4143 et
923 4085 1097 4164 perceptione
1119 4079 1262 4151 sentimum

211 4177 286 4234 venit
304 4178 376 4235 enim
394 4196 454 4235 cum
472 4174 587 4252 strepitu
603 4183 632 4233 et
648 4171 819 4251 uudiquoque
837 4169 1055 4239 circumfunditur
1076 4167 1179 4242 strum
1201 4184 1262 4229 cou-
