<?xml version="1.0" encoding="UTF-8"?>
<!DOCTYPE html PUBLIC "-//W3C//DTD XHTML 1.0 Transitional//EN"
    "http://www.w3.org/TR/xhtml1/DTD/xhtml1-transitional.dtd">
<html xmlns="http://www.w3.org/1999/xhtml" xml:lang="en" lang="en">
 <head>
  <title>
</title>
<meta http-equiv="Content-Type" content="text/html;charset=utf-8" />
  <meta name='ocr-system' content='tesseract 3.04.00' />
  <meta name='ocr-capabilities' content='ocr_page ocr_carea ocr_par ocr_line ocrx_word'/>
</head>
<body>
  <div class='ocr_page' id='page_1' title='image "./jamblichidemyst00jambgoog_0226.png"; bbox 0 0 2776 4876; ppageno 0'>
   <div class='ocr_carea' id='block_1_1' title="bbox 211 356 1271 421">
    <p class='ocr_par' dir='ltr' id='par_1_1' title="bbox 211 356 1271 421">
     <span class='ocr_line' id='line_1_1' title="bbox 211 356 1271 421; baseline -0.001 -13"><span class='ocrx_word' id='word_1_1' title='bbox 211 356 281 421; x_wconf 70' lang='grc'>2,11</span> <span class='ocrx_word' id='word_1_2' title='bbox 1236 362 1271 417; x_wconf 79' lang='grc'>97</span> 
     </span>
    </p>
   </div>
   <div class='ocr_carea' id='block_1_2' title="bbox 154 507 1335 2487">
    <p class='ocr_par' dir='ltr' id='par_1_2' title="bbox 154 507 1335 2487">
     <span class='ocr_line' id='line_1_2' title="bbox 210 507 1271 604; baseline 0.006 -25"><span class='ocrx_word' id='word_1_3' title='bbox 210 535 311 595; x_wconf 86' lang='grc' dir='ltr'><strong><em>ναμις</em></strong></span> <span class='ocrx_word' id='word_1_4' title='bbox 332 513 492 592; x_wconf 62' lang='grc' dir='ltr'><strong><em>ἐντίθησι,</em></strong></span> <span class='ocrx_word' id='word_1_5' title='bbox 509 507 571 591; x_wconf 79' lang='grc' dir='ltr'><strong><em>τὴν</em></strong></span> <span class='ocrx_word' id='word_1_6' title='bbox 594 510 793 601; x_wconf 81' lang='grc' dir='ltr'><strong><em>θεουργικὴυ</em></strong></span> <span class='ocrx_word' id='word_1_7' title='bbox 815 521 939 580; x_wconf 68' lang='grc' dir='ltr'><strong><em>ἕνωσιν.</em></strong></span> <span class='ocrx_word' id='word_1_8' title='bbox 986 512 1100 604; x_wconf 82' lang='grc' dir='ltr'><strong><em>διόπερ</em></strong></span> <span class='ocrx_word' id='word_1_9' title='bbox 1124 515 1199 584; x_wconf 82' lang='grc' dir='ltr'><strong><em>οὐδὲ</em></strong></span> <span class='ocrx_word' id='word_1_10' title='bbox 1223 520 1271 602; x_wconf 78' lang='grc' dir='ltr'><strong><em>τῷ</em></strong></span> 
     </span>
     <span class='ocr_line' id='line_1_3' title="bbox 210 618 1269 713; baseline 0.007 -24"><span class='ocrx_word' id='word_1_11' title='bbox 210 632 300 692; x_wconf 87' lang='grc' dir='ltr'><strong><em>νοεῖν</em></strong></span> <span class='ocrx_word' id='word_1_12' title='bbox 322 618 408 690; x_wconf 74' lang='grc' dir='ltr'><strong><em>αὐτὰ</em></strong></span> <span class='ocrx_word' id='word_1_13' title='bbox 431 624 640 709; x_wconf 83' lang='grc' dir='ltr'><strong><em>ένεργοῶμεν·</em></strong></span> <span class='ocrx_word' id='word_1_14' title='bbox 671 625 763 689; x_wconf 85' lang='grc' dir='ltr'><strong><em>έσται</em></strong></span> <span class='ocrx_word' id='word_1_15' title='bbox 791 619 856 712; x_wconf 83' lang='grc' dir='ltr'>γάρ</span> <span class='ocrx_word' id='word_1_16' title='bbox 878 622 964 694; x_wconf 81' lang='grc' dir='ltr'><strong><em>οὕτω</em></strong></span> <span class='ocrx_word' id='word_1_17' title='bbox 993 623 1094 713; x_wconf 79' lang='grc' dir='ltr'><strong><em>νοεροί</em></strong></span> <span class='ocrx_word' id='word_1_18' title='bbox 1116 627 1224 696; x_wconf 87' lang='grc' dir='ltr'><strong><em>αὐτῶν</em></strong></span> <span class='ocrx_word' id='word_1_19' title='bbox 1247 628 1269 711; x_wconf 84' lang='grc' dir='ltr'><strong><em>ἡ</em></strong></span> 
     </span>
     <span class='ocr_line' id='line_1_4' title="bbox 176 732 1269 826; baseline 0.008 -29"><span class='ocrx_word' id='word_1_20' title='bbox 176 739 359 822; x_wconf 67' lang='grc' dir='ltr'><strong><em>θένέργεια</em></strong></span> <span class='ocrx_word' id='word_1_21' title='bbox 380 736 436 800; x_wconf 85' lang='grc' dir='ltr'>καὶ</span> <span class='ocrx_word' id='word_1_22' title='bbox 458 733 519 824; x_wconf 80' lang='grc' dir='ltr'>ἀφ’</span> <span class='ocrx_word' id='word_1_23' title='bbox 539 732 633 817; x_wconf 80' lang='grc' dir='ltr'><strong><em>ἡμῶν</em></strong></span> <span class='ocrx_word' id='word_1_24' title='bbox 656 737 863 820; x_wconf 81' lang='grc' dir='ltr'><strong><em>ίνδιδομένη·</em></strong></span> <span class='ocrx_word' id='word_1_25' title='bbox 886 733 925 803; x_wconf 87' lang='grc' dir='ltr'><strong><em>τδ</em></strong></span> <span class='ocrx_word' id='word_1_26' title='bbox 948 735 979 802; x_wconf 88' lang='grc' dir='ltr'>δ’</span> <span class='ocrx_word' id='word_1_27' title='bbox 995 736 1167 826; x_wconf 83' lang='grc' dir='ltr'><strong><em>οὐδέτερόν</em></strong></span> <span class='ocrx_word' id='word_1_28' title='bbox 1181 745 1269 806; x_wconf 78' lang='grc' dir='ltr'><strong><em>ἐστιν</em></strong></span> 
     </span>
     <span class='ocr_line' id='line_1_5' title="bbox 210 840 1268 934; baseline 0.007 -24"><span class='ocrx_word' id='word_1_29' title='bbox 210 844 348 926; x_wconf 85' lang='grc' dir='ltr'><strong><em>ἀληθές.</em></strong></span> <span class='ocrx_word' id='word_1_30' title='bbox 381 848 439 911; x_wconf 80' lang='grc' dir='ltr'>καὶ</span> <span class='ocrx_word' id='word_1_31' title='bbox 459 840 523 931; x_wconf 87' lang='grc' dir='ltr'>γάρ</span> <span class='ocrx_word' id='word_1_32' title='bbox 544 842 592 931; x_wconf 82' lang='grc' dir='ltr'>μὴ</span> <span class='ocrx_word' id='word_1_33' title='bbox 614 843 782 913; x_wconf 82' lang='grc' dir='ltr'><strong><em>νοούντων</em></strong></span> <span class='ocrx_word' id='word_1_34' title='bbox 795 845 892 931; x_wconf 84' lang='grc' dir='ltr'><strong><em>ἡμῶν</em></strong></span> <span class='ocrx_word' id='word_1_35' title='bbox 906 847 992 916; x_wconf 80' lang='grc' dir='ltr'><strong><em>αὐτοὶ</em></strong></span> <span class='ocrx_word' id='word_1_36' title='bbox 1007 842 1049 914; x_wconf 86' lang='grc' dir='ltr'><strong><em>τά</em></strong></span> <span class='ocrx_word' id='word_1_37' title='bbox 1065 846 1268 934; x_wconf 81' lang='grc' dir='ltr'><strong><em>συνθήματα</em></strong></span> 
     </span>
     <span class='ocr_line' id='line_1_6' title="bbox 210 955 1268 1046; baseline 0.006 -24"><span class='ocrx_word' id='word_1_38' title='bbox 210 955 273 1046; x_wconf 83' lang='grc' dir='ltr'>ἀφ’</span> <span class='ocrx_word' id='word_1_39' title='bbox 292 957 417 1024; x_wconf 80' lang='grc' dir='ltr'><strong><em>ίαυτῶν</em></strong></span> <span class='ocrx_word' id='word_1_40' title='bbox 439 957 504 1043; x_wconf 78' lang='grc' dir='ltr'>δρᾷ</span> <span class='ocrx_word' id='word_1_41' title='bbox 527 955 565 1023; x_wconf 86' lang='grc' dir='ltr'><strong><em>τὸ</em></strong></span> <span class='ocrx_word' id='word_1_42' title='bbox 588 963 710 1025; x_wconf 81' lang='grc' dir='ltr'><strong><em>οίκεῖον</em></strong></span> <span class='ocrx_word' id='word_1_43' title='bbox 731 960 837 1044; x_wconf 84' lang='grc' dir='ltr'><strong><em>έργον,</em></strong></span> <span class='ocrx_word' id='word_1_44' title='bbox 858 961 916 1025; x_wconf 83' lang='grc' dir='ltr'>καὶ</span> <span class='ocrx_word' id='word_1_45' title='bbox 938 957 959 1039; x_wconf 85' lang='grc' dir='ltr'><em>ἡ</em></span> <span class='ocrx_word' id='word_1_46' title='bbox 983 960 1050 1025; x_wconf 91' lang='grc' dir='ltr'><strong><em>τῶν</em></strong></span> <span class='ocrx_word' id='word_1_47' title='bbox 1063 962 1164 1040; x_wconf 91' lang='grc' dir='ltr'><strong><em>θεῶν,</em></strong></span> <span class='ocrx_word' id='word_1_48' title='bbox 1185 958 1268 1046; x_wconf 82' lang='grc' dir='ltr'><strong><em>πρὸς</em></strong></span> 
     </span>
     <span class='ocr_line' id='line_1_7' title="bbox 176 1063 1268 1157; baseline 0.003 -23"><span class='ocrx_word' id='word_1_49' title='bbox 176 1065 269 1148; x_wconf 68' lang='grc' dir='ltr'><strong><em>θοῶς</em></strong></span> <span class='ocrx_word' id='word_1_50' title='bbox 291 1065 403 1150; x_wconf 82' lang='grc' dir='ltr'><strong><em>ἀνήκει</em></strong></span> <span class='ocrx_word' id='word_1_51' title='bbox 424 1069 539 1148; x_wconf 82' lang='grc' dir='ltr'><strong><em>ταῦτα,</em></strong></span> <span class='ocrx_word' id='word_1_52' title='bbox 561 1063 705 1157; x_wconf 86' lang='grc' dir='ltr'><strong><em>ἀρρητος</em></strong></span> <span class='ocrx_word' id='word_1_53' title='bbox 727 1065 865 1154; x_wconf 77' lang='grc' dir='ltr'><strong><em>δύναμις</em></strong></span> <span class='ocrx_word' id='word_1_54' title='bbox 887 1063 971 1150; x_wconf 76' lang='grc' dir='ltr'><strong><em>αὐτὴ</em></strong></span> <span class='ocrx_word' id='word_1_55' title='bbox 988 1065 1051 1157; x_wconf 79' lang='grc' dir='ltr'>ἀφ’</span> <span class='ocrx_word' id='word_1_56' title='bbox 1065 1072 1185 1151; x_wconf 74' lang='grc' dir='ltr'><strong><em>ἑαυτῆς</em></strong></span> <span class='ocrx_word' id='word_1_57' title='bbox 1199 1076 1268 1137; x_wconf 83' lang='grc' dir='ltr'><strong><em>έπι·</em></strong></span> 
     </span>
     <span class='ocr_line' id='line_1_8' title="bbox 210 1175 1268 1269; baseline 0.003 -23"><span class='ocrx_word' id='word_1_58' title='bbox 210 1176 360 1264; x_wconf 78' lang='grc' dir='ltr'>γινώσκει</span> <span class='ocrx_word' id='word_1_59' title='bbox 381 1175 442 1257; x_wconf 76' lang='grc' dir='ltr'><strong><em>τοὶς</em></strong></span> <span class='ocrx_word' id='word_1_60' title='bbox 464 1183 586 1257; x_wconf 84' lang='grc' dir='ltr'><strong><em>οίκείας</em></strong></span> <span class='ocrx_word' id='word_1_61' title='bbox 602 1176 738 1258; x_wconf 82' lang='grc' dir='ltr'><strong><em>είκόνας,</em></strong></span> <span class='ocrx_word' id='word_1_62' title='bbox 761 1177 834 1246; x_wconf 78' lang='grc' dir='ltr'><strong><em>ἀλλ’</em></strong></span> <span class='ocrx_word' id='word_1_63' title='bbox 850 1179 891 1248; x_wconf 82' lang='grc' dir='ltr'>οὐ</span> <span class='ocrx_word' id='word_1_64' title='bbox 905 1182 952 1264; x_wconf 74' lang='grc' dir='ltr'><strong><em>τῷ</em></strong></span> <span class='ocrx_word' id='word_1_65' title='bbox 967 1180 1190 1269; x_wconf 88' lang='grc' dir='ltr'><strong><em>διεγείρεσθαι</em></strong></span> <span class='ocrx_word' id='word_1_66' title='bbox 1202 1177 1268 1249; x_wconf 87' lang='grc' dir='ltr'>ὑπδ</span> 
     </span>
     <span class='ocr_line' id='line_1_9' title="bbox 210 1285 1267 1380; baseline 0.001 -24"><span class='ocrx_word' id='word_1_67' title='bbox 210 1293 270 1371; x_wconf 83' lang='grc' dir='ltr'><strong><em>τῆς</em></strong></span> <span class='ocrx_word' id='word_1_68' title='bbox 290 1289 450 1378; x_wconf 80' lang='grc' dir='ltr'><strong><em>ἡμετέρας</em></strong></span> <span class='ocrx_word' id='word_1_69' title='bbox 470 1286 629 1371; x_wconf 80' lang='grc' dir='ltr'><strong><em>νοήσεως·</em></strong></span> <span class='ocrx_word' id='word_1_70' title='bbox 652 1289 727 1358; x_wconf 80' lang='grc' dir='ltr'><strong><em>οὐδὲ</em></strong></span> <span class='ocrx_word' id='word_1_71' title='bbox 742 1287 807 1379; x_wconf 82' lang='grc' dir='ltr'>γδρ</span> <span class='ocrx_word' id='word_1_72' title='bbox 822 1294 885 1377; x_wconf 84' lang='grc' dir='ltr'><strong><em>έχει</em></strong></span> <span class='ocrx_word' id='word_1_73' title='bbox 900 1289 1002 1380; x_wconf 82' lang='grc' dir='ltr'><strong><em>φύσιν</em></strong></span> <span class='ocrx_word' id='word_1_74' title='bbox 1016 1285 1059 1356; x_wconf 88' lang='grc' dir='ltr'><strong><em>τά</em></strong></span> <span class='ocrx_word' id='word_1_75' title='bbox 1074 1296 1267 1379; x_wconf 80' lang='grc' dir='ltr'><strong><em>περιέχοντα</em></strong></span> 
     </span>
     <span class='ocr_line' id='line_1_10' title="bbox 175 1397 1268 1491; baseline 0.005 -28"><span class='ocrx_word' id='word_1_76' title='bbox 175 1397 274 1468; x_wconf 70' lang='lat' dir='ltr'>aeut</span> <span class='ocrx_word' id='word_1_77' title='bbox 301 1403 367 1468; x_wconf 88' lang='grc' dir='ltr'><strong><em>τῶν</em></strong></span> <span class='ocrx_word' id='word_1_78' title='bbox 396 1406 632 1491; x_wconf 78' lang='grc' dir='ltr'><strong><em>περιεχομένων</em></strong></span> <span class='ocrx_word' id='word_1_79' title='bbox 662 1399 737 1468; x_wconf 76' lang='grc' dir='ltr'><strong><em>οὐδὲ</em></strong></span> <span class='ocrx_word' id='word_1_80' title='bbox 764 1397 807 1466; x_wconf 79' lang='grc' dir='ltr'><strong><em>τοί</em></strong></span> <span class='ocrx_word' id='word_1_81' title='bbox 836 1403 943 1468; x_wconf 85' lang='grc' dir='ltr'><strong><em>τέλεια</em></strong></span> <span class='ocrx_word' id='word_1_82' title='bbox 965 1397 1029 1467; x_wconf 81' lang='grc' dir='ltr'>ὑπὸ</span> <span class='ocrx_word' id='word_1_83' title='bbox 1051 1405 1118 1468; x_wconf 88' lang='grc' dir='ltr'><strong><em>τῶν</em></strong></span> <span class='ocrx_word' id='word_1_84' title='bbox 1143 1400 1268 1469; x_wconf 77' lang='grc' dir='ltr'><strong><em>ἀτελῶν</em></strong></span> 
     </span>
     <span class='ocr_line' id='line_1_11' title="bbox 211 1507 1271 1598; baseline -0.002 -18"><span class='ocrx_word' id='word_1_85' title='bbox 211 1509 282 1580; x_wconf 86' lang='grc' dir='ltr'><strong><em>οὐδ’</em></strong></span> <span class='ocrx_word' id='word_1_86' title='bbox 301 1507 364 1581; x_wconf 70' lang='lat' dir='ltr'>tud</span> <span class='ocrx_word' id='word_1_87' title='bbox 389 1515 453 1578; x_wconf 92' lang='grc' dir='ltr'><strong><em>τῶν</em></strong></span> <span class='ocrx_word' id='word_1_88' title='bbox 474 1515 583 1598; x_wconf 85' lang='grc' dir='ltr'><strong><em>μερῶν</em></strong></span> <span class='ocrx_word' id='word_1_89' title='bbox 604 1508 647 1578; x_wconf 87' lang='grc' dir='ltr'><strong><em>τά</em></strong></span> <span class='ocrx_word' id='word_1_90' title='bbox 670 1508 734 1578; x_wconf 88' lang='grc' dir='ltr'>ὅλα</span> <span class='ocrx_word' id='word_1_91' title='bbox 748 1512 995 1579; x_wconf 85' lang='grc' dir='ltr'><strong><em>ἀνακινεῖσθαι.</em></strong></span> <span class='ocrx_word' id='word_1_92' title='bbox 1040 1509 1128 1578; x_wconf 87' lang='grc' dir='ltr'><strong><em>ὅθεν</em></strong></span> <span class='ocrx_word' id='word_1_93' title='bbox 1141 1507 1183 1593; x_wconf 80' lang='grc' dir='ltr'>δὴ</span> <span class='ocrx_word' id='word_1_94' title='bbox 1199 1510 1271 1581; x_wconf 78' lang='grc' dir='ltr'><strong><em>οὐδ’</em></strong></span> 
     </span>
     <span class='ocr_line' id='line_1_12' title="bbox 209 1617 1335 1736; baseline 0.001 -47"><span class='ocrx_word' id='word_1_95' title='bbox 209 1617 274 1690; x_wconf 80' lang='grc' dir='ltr'>ἀπὸ</span> <span class='ocrx_word' id='word_1_96' title='bbox 296 1627 362 1690; x_wconf 89' lang='grc' dir='ltr'><strong><em>τῶν</em></strong></span> <span class='ocrx_word' id='word_1_97' title='bbox 383 1622 549 1713; x_wconf 76' lang='grc' dir='ltr'><strong><em>ἡμετέρων</em></strong></span> <span class='ocrx_word' id='word_1_98' title='bbox 571 1620 717 1705; x_wconf 86' lang='grc' dir='ltr'><strong><em>νοήσεων</em></strong></span> <span class='ocrx_word' id='word_1_99' title='bbox 738 1628 993 1712; x_wconf 77' lang='grc' dir='ltr'><strong><em>προηγουμένως</em></strong></span> <span class='ocrx_word' id='word_1_100' title='bbox 1013 1619 1058 1688; x_wconf 87' lang='grc' dir='ltr'><strong><em>τά</em></strong></span> <span class='ocrx_word' id='word_1_101' title='bbox 1079 1626 1162 1689; x_wconf 84' lang='grc' dir='ltr'><strong><em>θεῖα</em></strong></span> <span class='ocrx_word' id='word_1_102' title='bbox 1177 1622 1268 1690; x_wconf 81' lang='grc' dir='ltr'><strong><em>αίτια</em></strong></span> <span class='ocrx_word' id='word_1_103' title='bbox 1320 1708 1335 1736; x_wconf 38' lang='lat'><em>4</em></span> 
     </span>
     <span class='ocr_line' id='line_1_13' title="bbox 154 1729 1267 1823; baseline 0.004 -27"><span class='ocrx_word' id='word_1_104' title='bbox 154 1744 192 1797; x_wconf 77' lang='grc'>12</span> <span class='ocrx_word' id='word_1_105' title='bbox 209 1737 422 1821; x_wconf 80' lang='grc' dir='ltr'><strong><em>προκαλεῖται</em></strong></span> <span class='ocrx_word' id='word_1_106' title='bbox 444 1740 489 1812; x_wconf 85' lang='grc' dir='ltr'>είς</span> <span class='ocrx_word' id='word_1_107' title='bbox 511 1739 689 1823; x_wconf 79' lang='grc' dir='ltr'><strong><em>ἐνέργειαν·</em></strong></span> <span class='ocrx_word' id='word_1_108' title='bbox 713 1729 800 1802; x_wconf 83' lang='grc' dir='ltr'>ἀλλά</span> <span class='ocrx_word' id='word_1_109' title='bbox 821 1731 945 1810; x_wconf 79' lang='grc' dir='ltr'><strong><em>ταύτας</em></strong></span> <span class='ocrx_word' id='word_1_110' title='bbox 965 1737 1026 1820; x_wconf 78' lang='grc' dir='ltr'>μέν</span> <span class='ocrx_word' id='word_1_111' title='bbox 1040 1737 1096 1801; x_wconf 83' lang='grc' dir='ltr'>καὶ</span> <span class='ocrx_word' id='word_1_112' title='bbox 1111 1729 1171 1813; x_wconf 85' lang='grc' dir='ltr'>τάς</span> <span class='ocrx_word' id='word_1_113' title='bbox 1186 1730 1267 1813; x_wconf 84' lang='grc' dir='ltr'><strong><em>ὅλας</em></strong></span> 
     </span>
     <span class='ocr_line' id='line_1_14' title="bbox 209 1844 1266 1934; baseline -0.001 -23"><span class='ocrx_word' id='word_1_114' title='bbox 209 1846 269 1926; x_wconf 79' lang='grc' dir='ltr'><strong><em>τῆς</em></strong></span> <span class='ocrx_word' id='word_1_115' title='bbox 289 1847 397 1933; x_wconf 77' lang='grc' dir='ltr'><strong><em>ψυχῆς</em></strong></span> <span class='ocrx_word' id='word_1_116' title='bbox 419 1844 560 1933; x_wconf 79' lang='grc' dir='ltr'><strong><em>ἀρίστας</em></strong></span> <span class='ocrx_word' id='word_1_117' title='bbox 583 1847 753 1923; x_wconf 79' lang='grc' dir='ltr'><strong><em>διαθέσεις</em></strong></span> <span class='ocrx_word' id='word_1_118' title='bbox 773 1848 830 1913; x_wconf 84' lang='grc' dir='ltr'>καὶ</span> <span class='ocrx_word' id='word_1_119' title='bbox 852 1844 913 1927; x_wconf 76' lang='grc' dir='ltr'><strong><em>τὴν</em></strong></span> <span class='ocrx_word' id='word_1_120' title='bbox 934 1849 1009 1934; x_wconf 83' lang='grc' dir='ltr'><strong><em>περὶ</em></strong></span> <span class='ocrx_word' id='word_1_121' title='bbox 1035 1844 1124 1931; x_wconf 85' lang='grc' dir='ltr'><strong><em>ἡμᾶς</em></strong></span> <span class='ocrx_word' id='word_1_122' title='bbox 1151 1847 1266 1913; x_wconf 83' lang='grc' dir='ltr'><strong><em>καθα·</em></strong></span> 
     </span>
     <span class='ocr_line' id='line_1_15' title="bbox 205 1950 1266 2047; baseline 0 -26"><span class='ocrx_word' id='word_1_123' title='bbox 205 1950 334 2043; x_wconf 79' lang='grc' dir='ltr'><strong><em>ρότητα</em></strong></span> <span class='ocrx_word' id='word_1_124' title='bbox 358 1953 403 2034; x_wconf 88' lang='grc' dir='ltr'>ῶς</span> <span class='ocrx_word' id='word_1_125' title='bbox 424 1959 577 2023; x_wconf 84' lang='grc' dir='ltr'><strong><em>συναίτια</em></strong></span> <span class='ocrx_word' id='word_1_126' title='bbox 599 1951 684 2022; x_wconf 84' lang='grc' dir='ltr'><strong><em>ἀττα</em></strong></span> <span class='ocrx_word' id='word_1_127' title='bbox 705 1958 974 2047; x_wconf 78' lang='grc' dir='ltr'><strong><em>προϋποκεῖσθαι</em></strong></span> <span class='ocrx_word' id='word_1_128' title='bbox 999 1952 1079 2045; x_wconf 77' lang='grc' dir='ltr'><strong><em>χρή,</em></strong></span> <span class='ocrx_word' id='word_1_129' title='bbox 1107 1952 1151 2022; x_wconf 86' lang='grc' dir='ltr'><strong><em>τά</em></strong></span> <span class='ocrx_word' id='word_1_130' title='bbox 1173 1954 1203 2022; x_wconf 86' lang='grc' dir='ltr'>δ’</span> <span class='ocrx_word' id='word_1_131' title='bbox 1222 1954 1266 2034; x_wconf 87' lang='grc' dir='ltr'>ῶς</span> 
     </span>
     <span class='ocr_line' id='line_1_16' title="bbox 158 2060 1265 2152; baseline 0.001 -21"><span class='ocrx_word' id='word_1_132' title='bbox 158 2087 191 2138; x_wconf 79' lang='lat'>15</span> <span class='ocrx_word' id='word_1_133' title='bbox 208 2068 325 2152; x_wconf 83' lang='grc' dir='ltr'><strong><em>κυρίως</em></strong></span> <span class='ocrx_word' id='word_1_134' title='bbox 347 2070 515 2152; x_wconf 75' lang='grc' dir='ltr'><strong><em>ἐγείροντα</em></strong></span> <span class='ocrx_word' id='word_1_135' title='bbox 538 2063 600 2148; x_wconf 74' lang='grc' dir='ltr'><strong><em>τὴν</em></strong></span> <span class='ocrx_word' id='word_1_136' title='bbox 623 2069 725 2134; x_wconf 88' lang='grc' dir='ltr'><strong><em>θείαν</em></strong></span> <span class='ocrx_word' id='word_1_137' title='bbox 747 2070 890 2148; x_wconf 85' lang='grc' dir='ltr'><strong><em>θέλησιν</em></strong></span> <span class='ocrx_word' id='word_1_138' title='bbox 918 2060 1003 2133; x_wconf 77' lang='grc' dir='ltr'><strong><em>αὐτοὶ</em></strong></span> <span class='ocrx_word' id='word_1_139' title='bbox 1025 2063 1068 2132; x_wconf 86' lang='grc' dir='ltr'><strong><em>τά</em></strong></span> <span class='ocrx_word' id='word_1_140' title='bbox 1091 2064 1174 2134; x_wconf 83' lang='grc' dir='ltr'><strong><em>θεῖοί</em></strong></span> <span class='ocrx_word' id='word_1_141' title='bbox 1196 2073 1265 2133; x_wconf 86' lang='grc' dir='ltr'><strong><em>έστι</em></strong></span> 
     </span>
     <span class='ocr_line' id='line_1_17' title="bbox 208 2169 1294 2266; baseline -0.002 -21"><span class='ocrx_word' id='word_1_142' title='bbox 208 2174 428 2263; x_wconf 82' lang='grc' dir='ltr'><strong><em>συνθήματα·</em></strong></span> <span class='ocrx_word' id='word_1_143' title='bbox 457 2181 512 2244; x_wconf 83' lang='grc' dir='ltr'>καὶ</span> <span class='ocrx_word' id='word_1_144' title='bbox 543 2175 645 2256; x_wconf 83' lang='grc' dir='ltr'><strong><em>οὕτως</em></strong></span> <span class='ocrx_word' id='word_1_145' title='bbox 674 2175 717 2243; x_wconf 87' lang='grc' dir='ltr'><strong><em>τά</em></strong></span> <span class='ocrx_word' id='word_1_146' title='bbox 745 2181 810 2244; x_wconf 87' lang='grc' dir='ltr'><strong><em>τῶν</em></strong></span> <span class='ocrx_word' id='word_1_147' title='bbox 834 2180 925 2244; x_wconf 89' lang='grc' dir='ltr'><strong><em>θεῶν</em></strong></span> <span class='ocrx_word' id='word_1_148' title='bbox 954 2173 1039 2244; x_wconf 79' lang='grc' dir='ltr'><strong><em>αὐτοί</em></strong></span> <span class='ocrx_word' id='word_1_149' title='bbox 1062 2176 1120 2266; x_wconf 80' lang='grc' dir='ltr'>ὑφ’</span> <span class='ocrx_word' id='word_1_150' title='bbox 1138 2169 1294 2245; x_wconf 73' lang='grc' dir='ltr'><strong><em>ἑαυτῶν</em></strong></span> 
     </span>
     <span class='ocr_line' id='line_1_18' title="bbox 207 2284 1265 2375; baseline -0.001 -22"><span class='ocrx_word' id='word_1_151' title='bbox 207 2287 425 2367; x_wconf 85' lang='grc' dir='ltr'><strong><em>ἀνακινεῖται,</em></strong></span> <span class='ocrx_word' id='word_1_152' title='bbox 458 2287 514 2355; x_wconf 83' lang='grc' dir='ltr'>ὑπ’</span> <span class='ocrx_word' id='word_1_153' title='bbox 541 2284 675 2366; x_wconf 79' lang='grc' dir='ltr'><strong><em>οὐδενὸς</em></strong></span> <span class='ocrx_word' id='word_1_154' title='bbox 702 2290 768 2354; x_wconf 80' lang='grc' dir='ltr'><strong><em>τῶν</em></strong></span> <span class='ocrx_word' id='word_1_155' title='bbox 798 2287 1037 2375; x_wconf 78' lang='grc' dir='ltr'><strong><em>ὑποδεεστέρων</em></strong></span> <span class='ocrx_word' id='word_1_156' title='bbox 1068 2284 1265 2374; x_wconf 84' lang='grc' dir='ltr'><strong><em>ένδεχόμενά</em></strong></span> 
     </span>
     <span class='ocr_line' id='line_1_19' title="bbox 157 2395 1024 2487; baseline 0 -21"><span class='ocrx_word' id='word_1_157' title='bbox 157 2415 191 2466; x_wconf 83' lang='lat'>18</span> <span class='ocrx_word' id='word_1_158' title='bbox 208 2422 282 2467; x_wconf 86' lang='grc' dir='ltr'><strong><em>τινα</em></strong></span> <span class='ocrx_word' id='word_1_159' title='bbox 305 2405 350 2478; x_wconf 84' lang='grc' dir='ltr'>είς</span> <span class='ocrx_word' id='word_1_160' title='bbox 370 2395 473 2466; x_wconf 81' lang='grc' dir='ltr'><strong><em>ίαυτά</em></strong></span> <span class='ocrx_word' id='word_1_161' title='bbox 495 2395 605 2487; x_wconf 76' lang='grc' dir='ltr'><strong><em>ἀρχὴν</em></strong></span> <span class='ocrx_word' id='word_1_162' title='bbox 627 2403 687 2480; x_wconf 79' lang='grc' dir='ltr'><strong><em>τῆς</em></strong></span> <span class='ocrx_word' id='word_1_163' title='bbox 709 2404 830 2475; x_wconf 85' lang='grc' dir='ltr'><strong><em>οίκείας</em></strong></span> <span class='ocrx_word' id='word_1_164' title='bbox 851 2402 1024 2485; x_wconf 73' lang='grc' dir='ltr'><strong><em>ἐνεργείας.</em></strong></span> 
     </span>
    </p>
   </div>
   <div class='ocr_carea' id='block_1_3' title="bbox 279 2579 1264 2915">
    <p class='ocr_par' dir='ltr' id='par_1_3' title="bbox 279 2579 1264 2915">
     <span class='ocr_line' id='line_1_20' title="bbox 281 2579 1263 2653; baseline -0.003 -16"><span class='ocrx_word' id='word_1_165' title='bbox 281 2588 305 2638; x_wconf 92' lang='grc'>1.</span> <span class='ocrx_word' id='word_1_166' title='bbox 333 2583 385 2652; x_wconf 80' lang='grc' dir='ltr'>τῷ]</span> <span class='ocrx_word' id='word_1_167' title='bbox 405 2585 439 2637; x_wconf 81' lang='lat' dir='ltr'>aie</span> <span class='ocrx_word' id='word_1_168' title='bbox 458 2584 513 2648; x_wconf 77' lang='grc' dir='ltr'>(ὶῦ,</span> <span class='ocrx_word' id='word_1_169' title='bbox 540 2585 572 2637; x_wconf 81' lang='grc' dir='ltr'>εδ</span> <span class='ocrx_word' id='word_1_170' title='bbox 592 2586 626 2637; x_wconf 90' lang='grc'>0.</span> <span class='ocrx_word' id='word_1_171' title='bbox 770 2587 795 2638; x_wconf 85' lang='grc'>2.</span> <span class='ocrx_word' id='word_1_172' title='bbox 824 2580 918 2653; x_wconf 85' lang='grc' dir='ltr'><strong><em>νοεροὶ]</em></strong></span> <span class='ocrx_word' id='word_1_173' title='bbox 937 2581 972 2634; x_wconf 81' lang='lat' dir='ltr'>aie</span> <span class='ocrx_word' id='word_1_174' title='bbox 991 2581 1070 2645; x_wconf 78' lang='lat' dir='ltr'>nel),</span> <span class='ocrx_word' id='word_1_175' title='bbox 1097 2582 1178 2652; x_wconf 74' lang='grc' dir='ltr'><strong><em>νοερὰ</em></strong></span> <span class='ocrx_word' id='word_1_176' title='bbox 1196 2579 1213 2651; x_wconf 75' lang='grc' dir='ltr'><em>ἡ</em></span> <span class='ocrx_word' id='word_1_177' title='bbox 1231 2582 1263 2636; x_wconf 92' lang='grc'>0.</span> 
     </span>
     <span class='ocr_line' id='line_1_21' title="bbox 279 2665 1264 2738; baseline -0.002 -15"><span class='ocrx_word' id='word_1_178' title='bbox 279 2672 304 2723; x_wconf 79' lang='grc'>9.</span> <span class='ocrx_word' id='word_1_179' title='bbox 331 2670 368 2724; x_wconf 85' lang='grc' dir='ltr'><strong><em>τοὶ</em></strong></span> <span class='ocrx_word' id='word_1_180' title='bbox 396 2669 497 2738; x_wconf 81' lang='grc' dir='ltr'><strong><em>τέλειοι]</em></strong></span> <span class='ocrx_word' id='word_1_181' title='bbox 526 2669 560 2722; x_wconf 85' lang='lat' dir='ltr'>aie</span> <span class='ocrx_word' id='word_1_182' title='bbox 588 2669 609 2722; x_wconf 90' lang='lat' dir='ltr'>C</span> <span class='ocrx_word' id='word_1_183' title='bbox 636 2685 659 2722; x_wconf 84' lang='lat' dir='ltr'>et</span> <span class='ocrx_word' id='word_1_184' title='bbox 686 2691 771 2737; x_wconf 71' lang='lat' dir='ltr'>margo</span> <span class='ocrx_word' id='word_1_185' title='bbox 799 2670 834 2733; x_wconf 86' lang='lat' dir='ltr'>B,</span> <span class='ocrx_word' id='word_1_186' title='bbox 870 2665 976 2722; x_wconf 73' lang='grc' dir='ltr'><strong><em>ἀτέλεια</em></strong></span> <span class='ocrx_word' id='word_1_187' title='bbox 1004 2667 1087 2733; x_wconf 77' lang='lat' dir='ltr'>Atti),</span> <span class='ocrx_word' id='word_1_188' title='bbox 1121 2670 1208 2721; x_wconf 83' lang='grc' dir='ltr'><strong><em>τέλειοι</em></strong></span> <span class='ocrx_word' id='word_1_189' title='bbox 1229 2668 1264 2721; x_wconf 92' lang='grc'>0.</span> 
     </span>
     <span class='ocr_line' id='line_1_22' title="bbox 282 2751 1262 2827; baseline -0.001 -20"><span class='ocrx_word' id='word_1_190' title='bbox 282 2755 321 2808; x_wconf 80' lang='grc'>13.</span> <span class='ocrx_word' id='word_1_191' title='bbox 335 2757 377 2810; x_wconf 80' lang='grc'>11.</span> <span class='ocrx_word' id='word_1_192' title='bbox 405 2752 588 2827; x_wconf 79' lang='grc' dir='ltr'><strong><em>καθαρῶτητα</em></strong></span> <span class='ocrx_word' id='word_1_193' title='bbox 605 2756 639 2810; x_wconf 85' lang='grc'>1).</span> <span class='ocrx_word' id='word_1_194' title='bbox 693 2758 735 2810; x_wconf 74' lang='lat'>15.</span> <span class='ocrx_word' id='word_1_195' title='bbox 764 2751 887 2825; x_wconf 78' lang='grc' dir='ltr'><strong><em>θέλησιν]</em></strong></span> <span class='ocrx_word' id='word_1_196' title='bbox 905 2752 1028 2821; x_wconf 72' lang='grc' dir='ltr'><strong><em>βούλησιν</em></strong></span> <span class='ocrx_word' id='word_1_197' title='bbox 1047 2757 1078 2817; x_wconf 83' lang='grc' dir='ltr'>Δ,</span> <span class='ocrx_word' id='word_1_198' title='bbox 1097 2756 1214 2823; x_wconf 69' lang='lat' dir='ltr'>...ipen</span> <span class='ocrx_word' id='word_1_199' title='bbox 1233 2751 1262 2806; x_wconf 88' lang='lat' dir='ltr'>C.</span> 
     </span>
     <span class='ocr_line' id='line_1_23' title="bbox 281 2835 917 2915; baseline -0.003 -21"><span class='ocrx_word' id='word_1_200' title='bbox 281 2843 321 2895; x_wconf 86' lang='grc'>16.</span> <span class='ocrx_word' id='word_1_201' title='bbox 350 2845 510 2911; x_wconf 79' lang='grc' dir='ltr'><strong><em>συνθέματοι</em></strong></span> <span class='ocrx_word' id='word_1_202' title='bbox 529 2841 584 2894; x_wconf 82' lang='lat' dir='ltr'><strong>cl).</strong></span> <span class='ocrx_word' id='word_1_203' title='bbox 664 2844 704 2896; x_wconf 80' lang='lat'>16.</span> <span class='ocrx_word' id='word_1_204' title='bbox 732 2838 793 2915; x_wconf 76' lang='grc' dir='ltr'><strong>ὑφ’]</strong></span> <span class='ocrx_word' id='word_1_205' title='bbox 813 2835 864 2911; x_wconf 75' lang='grc' dir='ltr'>ἀφ’</span> <span class='ocrx_word' id='word_1_206' title='bbox 885 2842 917 2893; x_wconf 87' lang='lat' dir='ltr'>D.</span> 
     </span>
    </p>
   </div>
   <div class='ocr_carea' id='block_1_4' title="bbox 206 3008 1264 4362">
    <p class='ocr_par' dir='ltr' id='par_1_4' title="bbox 206 3008 1264 4362">
     <span class='ocr_line' id='line_1_24' title="bbox 208 3008 1264 3089; baseline 0.001 -24"><span class='ocrx_word' id='word_1_207' title='bbox 208 3009 275 3066; x_wconf 83' lang='lat' dir='ltr'>solie</span> <span class='ocrx_word' id='word_1_208' title='bbox 292 3009 498 3068; x_wconf 87' lang='lat' dir='ltr'>intellectorum.</span> <span class='ocrx_word' id='word_1_209' title='bbox 548 3032 630 3089; x_wconf 82' lang='lat' dir='ltr'>quare</span> <span class='ocrx_word' id='word_1_210' title='bbox 648 3032 735 3088; x_wconf 86' lang='lat' dir='ltr'>neque</span> <span class='ocrx_word' id='word_1_211' title='bbox 753 3011 910 3068; x_wconf 85' lang='lat' dir='ltr'>conficimus</span> <span class='ocrx_word' id='word_1_212' title='bbox 929 3031 1004 3068; x_wconf 77' lang='lat' dir='ltr'>sacra</span> <span class='ocrx_word' id='word_1_213' title='bbox 1021 3031 1071 3089; x_wconf 87' lang='lat' dir='ltr'>per</span> <span class='ocrx_word' id='word_1_214' title='bbox 1087 3008 1264 3080; x_wconf 68' lang='lat' dir='ltr'>intellectum</span> 
     </span>
     <span class='ocr_line' id='line_1_25' title="bbox 208 3095 1263 3175; baseline -0.001 -24"><span class='ocrx_word' id='word_1_215' title='bbox 208 3095 286 3152; x_wconf 82' lang='lat' dir='ltr'>aliter</span> <span class='ocrx_word' id='word_1_216' title='bbox 303 3099 422 3175; x_wconf 85' lang='lat' dir='ltr'>operatio</span> <span class='ocrx_word' id='word_1_217' title='bbox 441 3099 493 3153; x_wconf 80' lang='lat' dir='ltr'>iota</span> <span class='ocrx_word' id='word_1_218' title='bbox 511 3098 642 3175; x_wconf 80' lang='lat' dir='ltr'>penderet</span> <span class='ocrx_word' id='word_1_219' title='bbox 659 3097 692 3154; x_wconf 90' lang='lat' dir='ltr'>ab</span> <span class='ocrx_word' id='word_1_220' title='bbox 711 3095 849 3153; x_wconf 84' lang='lat' dir='ltr'>intellectu</span> <span class='ocrx_word' id='word_1_221' title='bbox 867 3107 960 3154; x_wconf 78' lang='lat' dir='ltr'>nostro</span> <span class='ocrx_word' id='word_1_222' title='bbox 980 3106 1059 3172; x_wconf 86' lang='lat' dir='ltr'>atque</span> <span class='ocrx_word' id='word_1_223' title='bbox 1077 3117 1092 3151; x_wconf 89' lang='lat' dir='ltr'>a</span> <span class='ocrx_word' id='word_1_224' title='bbox 1110 3096 1189 3151; x_wconf 81' lang='lat' dir='ltr'>nobie</span> <span class='ocrx_word' id='word_1_225' title='bbox 1201 3114 1263 3172; x_wconf 86' lang='lat' dir='ltr'>pro·</span> 
     </span>
     <span class='ocr_line' id='line_1_26' title="bbox 207 3181 1263 3259; baseline -0.002 -22"><span class='ocrx_word' id='word_1_226' title='bbox 207 3181 387 3249; x_wconf 79' lang='lat' dir='ltr'>deieceretur3</span> <span class='ocrx_word' id='word_1_227' title='bbox 409 3203 522 3259; x_wconf 84' lang='lat' dir='ltr'>qnorum</span> <span class='ocrx_word' id='word_1_228' title='bbox 540 3194 662 3241; x_wconf 85' lang='lat' dir='ltr'>nentrum</span> <span class='ocrx_word' id='word_1_229' title='bbox 680 3202 773 3239; x_wconf 79' lang='lat' dir='ltr'>rerum</span> <span class='ocrx_word' id='word_1_230' title='bbox 791 3191 841 3238; x_wconf 83' lang='lat' dir='ltr'>eet</span> <span class='ocrx_word' id='word_1_231' title='bbox 889 3182 968 3239; x_wconf 79' lang='lat' dir='ltr'>uobis</span> <span class='ocrx_word' id='word_1_232' title='bbox 991 3184 1063 3238; x_wconf 90' lang='lat' dir='ltr'>euim</span> <span class='ocrx_word' id='word_1_233' title='bbox 1080 3201 1130 3236; x_wconf 91' lang='lat' dir='ltr'>nec</span> <span class='ocrx_word' id='word_1_234' title='bbox 1153 3183 1263 3258; x_wconf 84' lang='lat' dir='ltr'>opinan-</span> 
     </span>
     <span class='ocr_line' id='line_1_27' title="bbox 208 3265 1264 3347; baseline -0.001 -25"><span class='ocrx_word' id='word_1_235' title='bbox 208 3267 279 3324; x_wconf 84' lang='lat' dir='ltr'><strong>tibus</strong></span> <span class='ocrx_word' id='word_1_236' title='bbox 298 3268 388 3325; x_wconf 83' lang='lat' dir='ltr'>diviua</span> <span class='ocrx_word' id='word_1_237' title='bbox 406 3269 574 3345; x_wconf 79' lang='lat' dir='ltr'>synthemata</span> <span class='ocrx_word' id='word_1_238' title='bbox 591 3289 641 3347; x_wconf 87' lang='lat' dir='ltr'>per</span> <span class='ocrx_word' id='word_1_239' title='bbox 659 3289 689 3325; x_wconf 82' lang='lat' dir='ltr'>se</span> <span class='ocrx_word' id='word_1_240' title='bbox 708 3287 776 3346; x_wconf 76' lang='lat' dir='ltr'>opus</span> <span class='ocrx_word' id='word_1_241' title='bbox 789 3288 867 3325; x_wconf 83' lang='lat' dir='ltr'>ouum</span> <span class='ocrx_word' id='word_1_242' title='bbox 878 3268 1030 3346; x_wconf 83' lang='lat' dir='ltr'>perficiunt,</span> <span class='ocrx_word' id='word_1_243' title='bbox 1049 3276 1076 3322; x_wconf 86' lang='lat' dir='ltr'>et</span> <span class='ocrx_word' id='word_1_244' title='bbox 1088 3265 1199 3322; x_wconf 80' lang='lat' dir='ltr'>deorum</span> <span class='ocrx_word' id='word_1_245' title='bbox 1209 3268 1264 3322; x_wconf 80' lang='lat' dir='ltr'>vin·</span> 
     </span>
     <span class='ocr_line' id='line_1_28' title="bbox 207 3348 1263 3432; baseline -0.004 -24"><span class='ocrx_word' id='word_1_246' title='bbox 207 3363 250 3409; x_wconf 79' lang='lat' dir='ltr'>tua</span> <span class='ocrx_word' id='word_1_247' title='bbox 269 3353 422 3423; x_wconf 79' lang='lat' dir='ltr'>ineffabilis,</span> <span class='ocrx_word' id='word_1_248' title='bbox 441 3354 568 3432; x_wconf 77' lang='lat' dir='ltr'>adquam</span> <span class='ocrx_word' id='word_1_249' title='bbox 578 3355 730 3430; x_wconf 81' lang='lat' dir='ltr'>diriguntur</span> <span class='ocrx_word' id='word_1_250' title='bbox 739 3353 915 3430; x_wconf 79' lang='lat' dir='ltr'>synthemata,</span> <span class='ocrx_word' id='word_1_251' title='bbox 934 3374 997 3410; x_wconf 82' lang='lat' dir='ltr'>suas</span> <span class='ocrx_word' id='word_1_252' title='bbox 1014 3354 1042 3408; x_wconf 89' lang='lat' dir='ltr'>in</span> <span class='ocrx_word' id='word_1_253' title='bbox 1054 3353 1088 3407; x_wconf 81' lang='lat' dir='ltr'>iia</span> <span class='ocrx_word' id='word_1_254' title='bbox 1100 3348 1172 3407; x_wconf 85' lang='lat' dir='ltr'>ultro</span> <span class='ocrx_word' id='word_1_255' title='bbox 1184 3369 1263 3425; x_wconf 73' lang='lat' dir='ltr'>agno·</span> 
     </span>
     <span class='ocr_line' id='line_1_29' title="bbox 208 3434 1263 3518; baseline -0.004 -23"><span class='ocrx_word' id='word_1_256' title='bbox 208 3441 259 3496; x_wconf 79' lang='lat' dir='ltr'>ecit</span> <span class='ocrx_word' id='word_1_257' title='bbox 276 3441 414 3515; x_wconf 75' lang='lat' dir='ltr'>imagines,</span> <span class='ocrx_word' id='word_1_258' title='bbox 433 3460 488 3497; x_wconf 89' lang='lat' dir='ltr'>nou</span> <span class='ocrx_word' id='word_1_259' title='bbox 506 3442 615 3518; x_wconf 79' lang='lat' dir='ltr'>quasia</span> <span class='ocrx_word' id='word_1_260' title='bbox 633 3449 728 3496; x_wconf 83' lang='lat' dir='ltr'>uootro</span> <span class='ocrx_word' id='word_1_261' title='bbox 746 3439 885 3498; x_wconf 85' lang='lat' dir='ltr'>intellectu</span> <span class='ocrx_word' id='word_1_262' title='bbox 903 3441 1031 3505; x_wconf 84' lang='lat' dir='ltr'>excitata3</span> <span class='ocrx_word' id='word_1_263' title='bbox 1054 3458 1104 3494; x_wconf 87' lang='lat' dir='ltr'>nec</span> <span class='ocrx_word' id='word_1_264' title='bbox 1123 3438 1193 3492; x_wconf 89' lang='lat' dir='ltr'>euim</span> <span class='ocrx_word' id='word_1_265' title='bbox 1211 3434 1263 3492; x_wconf 84' lang='lat' dir='ltr'>iert</span> 
     </span>
     <span class='ocr_line' id='line_1_30' title="bbox 206 3522 1264 3600; baseline -0.001 -21"><span class='ocrx_word' id='word_1_266' title='bbox 206 3534 300 3580; x_wconf 85' lang='lat' dir='ltr'>natura</span> <span class='ocrx_word' id='word_1_267' title='bbox 319 3544 412 3580; x_wconf 89' lang='lat' dir='ltr'>eornm</span> <span class='ocrx_word' id='word_1_268' title='bbox 430 3544 498 3600; x_wconf 82' lang='lat' dir='ltr'>qnae</span> <span class='ocrx_word' id='word_1_269' title='bbox 514 3528 667 3592; x_wconf 76' lang='lat' dir='ltr'>continent,</span> <span class='ocrx_word' id='word_1_270' title='bbox 691 3536 721 3582; x_wconf 89' lang='lat' dir='ltr'>ut</span> <span class='ocrx_word' id='word_1_271' title='bbox 743 3534 961 3584; x_wconf 81' lang='lat' dir='ltr'>commoveantur</span> <span class='ocrx_word' id='word_1_272' title='bbox 985 3524 1018 3580; x_wconf 92' lang='lat' dir='ltr'>ab</span> <span class='ocrx_word' id='word_1_273' title='bbox 1041 3526 1075 3580; x_wconf 86' lang='lat' dir='ltr'>iio</span> <span class='ocrx_word' id='word_1_274' title='bbox 1094 3542 1160 3598; x_wconf 79' lang='lat' dir='ltr'>quae</span> <span class='ocrx_word' id='word_1_275' title='bbox 1179 3522 1264 3578; x_wconf 80' lang='lat' dir='ltr'>conti·</span> 
     </span>
     <span class='ocr_line' id='line_1_31' title="bbox 207 3607 1263 3690; baseline -0.002 -26"><span class='ocrx_word' id='word_1_276' title='bbox 207 3618 314 3676; x_wconf 81' lang='lat' dir='ltr'>nentur,</span> <span class='ocrx_word' id='word_1_277' title='bbox 332 3617 362 3663; x_wconf 94' lang='lat' dir='ltr'>ut</span> <span class='ocrx_word' id='word_1_278' title='bbox 379 3628 429 3664; x_wconf 91' lang='lat' dir='ltr'>nee</span> <span class='ocrx_word' id='word_1_279' title='bbox 448 3630 479 3666; x_wconf 81' lang='lat' dir='ltr'>en</span> <span class='ocrx_word' id='word_1_280' title='bbox 497 3631 565 3687; x_wconf 87' lang='lat' dir='ltr'>quae</span> <span class='ocrx_word' id='word_1_281' title='bbox 582 3612 701 3690; x_wconf 78' lang='lat' dir='ltr'>perfecta</span> <span class='ocrx_word' id='word_1_282' title='bbox 719 3613 834 3669; x_wconf 74' lang='lat' dir='ltr'>suntab</span> <span class='ocrx_word' id='word_1_283' title='bbox 852 3607 1026 3687; x_wconf 75' lang='lat' dir='ltr'>imperfectis,</span> <span class='ocrx_word' id='word_1_284' title='bbox 1044 3629 1094 3665; x_wconf 90' lang='lat' dir='ltr'>uec</span> <span class='ocrx_word' id='word_1_285' title='bbox 1111 3617 1167 3664; x_wconf 83' lang='lat' dir='ltr'>tota</span> <span class='ocrx_word' id='word_1_286' title='bbox 1177 3629 1192 3664; x_wconf 88' lang='lat' dir='ltr'>a</span> <span class='ocrx_word' id='word_1_287' title='bbox 1204 3626 1263 3685; x_wconf 65' lang='lat' dir='ltr'>para</span> 
     </span>
     <span class='ocr_line' id='line_1_32' title="bbox 206 3692 1263 3774; baseline -0.001 -24"><span class='ocrx_word' id='word_1_288' title='bbox 206 3694 288 3750; x_wconf 85' lang='lat' dir='ltr'>tibus.</span> <span class='ocrx_word' id='word_1_289' title='bbox 338 3713 420 3768; x_wconf 83' lang='lat' dir='ltr'>quare</span> <span class='ocrx_word' id='word_1_290' title='bbox 438 3715 488 3751; x_wconf 87' lang='lat' dir='ltr'>nec</span> <span class='ocrx_word' id='word_1_291' title='bbox 505 3699 637 3774; x_wconf 80' lang='lat' dir='ltr'>principia</span> <span class='ocrx_word' id='word_1_292' title='bbox 655 3697 744 3754; x_wconf 78' lang='lat' dir='ltr'>divina</span> <span class='ocrx_word' id='word_1_293' title='bbox 763 3695 953 3752; x_wconf 72' lang='lat' dir='ltr'>antecedenter</span> <span class='ocrx_word' id='word_1_294' title='bbox 974 3714 989 3748; x_wconf 89' lang='lat' dir='ltr'>a</span> <span class='ocrx_word' id='word_1_295' title='bbox 1013 3703 1107 3750; x_wconf 77' lang='lat' dir='ltr'>nostro</span> <span class='ocrx_word' id='word_1_296' title='bbox 1123 3692 1263 3751; x_wconf 86' lang='lat' dir='ltr'>intellectu</span> 
     </span>
     <span class='ocr_line' id='line_1_33' title="bbox 207 3777 1263 3857; baseline -0.001 -20"><span class='ocrx_word' id='word_1_297' title='bbox 207 3781 241 3837; x_wconf 91' lang='lat' dir='ltr'>ad</span> <span class='ocrx_word' id='word_1_298' title='bbox 260 3799 329 3857; x_wconf 84' lang='lat' dir='ltr'>opus</span> <span class='ocrx_word' id='word_1_299' title='bbox 347 3781 512 3836; x_wconf 77' lang='lat' dir='ltr'>excitantur:</span> <span class='ocrx_word' id='word_1_300' title='bbox 529 3781 579 3838; x_wconf 75' lang='lat' dir='ltr'>sed</span> <span class='ocrx_word' id='word_1_301' title='bbox 596 3792 625 3838; x_wconf 88' lang='lat' dir='ltr'>et</span> <span class='ocrx_word' id='word_1_302' title='bbox 642 3783 691 3838; x_wconf 78' lang='lat' dir='ltr'>huo</span> <span class='ocrx_word' id='word_1_303' title='bbox 709 3800 856 3857; x_wconf 85' lang='lat' dir='ltr'>omueeque</span> <span class='ocrx_word' id='word_1_304' title='bbox 872 3778 939 3835; x_wconf 82' lang='lat' dir='ltr'>aliae</span> <span class='ocrx_word' id='word_1_305' title='bbox 951 3779 1054 3835; x_wconf 80' lang='lat' dir='ltr'>animae</span> <span class='ocrx_word' id='word_1_306' title='bbox 1064 3777 1197 3856; x_wconf 74' lang='lat' dir='ltr'>perfectas</span> <span class='ocrx_word' id='word_1_307' title='bbox 1210 3778 1263 3836; x_wconf 76' lang='lat' dir='ltr'>dis·</span> 
     </span>
     <span class='ocr_line' id='line_1_34' title="bbox 206 3864 1262 3944; baseline -0.001 -23"><span class='ocrx_word' id='word_1_308' title='bbox 206 3868 356 3944; x_wconf 80' lang='lat' dir='ltr'>positiones</span> <span class='ocrx_word' id='word_1_309' title='bbox 375 3876 402 3920; x_wconf 92' lang='lat' dir='ltr'>et</span> <span class='ocrx_word' id='word_1_310' title='bbox 419 3869 562 3943; x_wconf 84' lang='lat' dir='ltr'>puritatem</span> <span class='ocrx_word' id='word_1_311' title='bbox 578 3869 678 3923; x_wconf 76' lang='lat' dir='ltr'>mentia</span> <span class='ocrx_word' id='word_1_312' title='bbox 695 3878 830 3942; x_wconf 80' lang='lat' dir='ltr'>tamquam</span> <span class='ocrx_word' id='word_1_313' title='bbox 847 3864 977 3939; x_wconf 81' lang='lat' dir='ltr'>quaedam</span> <span class='ocrx_word' id='word_1_314' title='bbox 993 3883 1262 3943; x_wconf 24' lang='lat' dir='ltr'>concauoaaflpraeoe·</span> 
     </span>
     <span class='ocr_line' id='line_1_35' title="bbox 207 3949 1262 4029; baseline -0.005 -20"><span class='ocrx_word' id='word_1_315' title='bbox 207 3953 271 4009; x_wconf 84' lang='lat' dir='ltr'>dere</span> <span class='ocrx_word' id='word_1_316' title='bbox 290 3962 411 4029; x_wconf 82' lang='lat' dir='ltr'>oportet3</span> <span class='ocrx_word' id='word_1_317' title='bbox 430 3973 491 4009; x_wconf 89' lang='lat' dir='ltr'>eum</span> <span class='ocrx_word' id='word_1_318' title='bbox 509 3955 616 4008; x_wconf 82' lang='lat' dir='ltr'>interim</span> <span class='ocrx_word' id='word_1_319' title='bbox 634 3951 724 4008; x_wconf 84' lang='lat' dir='ltr'>divina</span> <span class='ocrx_word' id='word_1_320' title='bbox 743 3949 911 4027; x_wconf 80' lang='lat' dir='ltr'>synthemata</span> <span class='ocrx_word' id='word_1_321' title='bbox 929 3949 1114 4028; x_wconf 79' lang='lat' dir='ltr'>principaliter</span> <span class='ocrx_word' id='word_1_322' title='bbox 1137 3966 1262 4027; x_wconf 77' lang='lat' dir='ltr'>experge-</span> 
     </span>
     <span class='ocr_line' id='line_1_36' title="bbox 206 4035 1262 4114; baseline -0.008 -20"><span class='ocrx_word' id='word_1_323' title='bbox 206 4038 306 4094; x_wconf 84' lang='lat' dir='ltr'>iaciuut</span> <span class='ocrx_word' id='word_1_324' title='bbox 323 4039 434 4095; x_wconf 89' lang='lat' dir='ltr'>deorum</span> <span class='ocrx_word' id='word_1_325' title='bbox 452 4039 649 4114; x_wconf 82' lang='lat' dir='ltr'>benignitatem.</span> <span class='ocrx_word' id='word_1_326' title='bbox 698 4047 778 4112; x_wconf 81' lang='lat' dir='ltr'>etque</span> <span class='ocrx_word' id='word_1_327' title='bbox 796 4036 847 4093; x_wconf 87' lang='lat' dir='ltr'>hoc</span> <span class='ocrx_word' id='word_1_328' title='bbox 864 4046 944 4114; x_wconf 84' lang='lat' dir='ltr'>paeto</span> <span class='ocrx_word' id='word_1_329' title='bbox 963 4035 1001 4092; x_wconf 92' lang='lat' dir='ltr'>dii</span> <span class='ocrx_word' id='word_1_330' title='bbox 1022 4057 1038 4091; x_wconf 74' lang='lat' dir='ltr'>a</span> <span class='ocrx_word' id='word_1_331' title='bbox 1062 4057 1093 4095; x_wconf 81' lang='lat' dir='ltr'>ae</span> <span class='ocrx_word' id='word_1_332' title='bbox 1115 4037 1183 4113; x_wconf 74' lang='lat' dir='ltr'>ipsis</span> <span class='ocrx_word' id='word_1_333' title='bbox 1207 4052 1262 4087; x_wconf 89' lang='lat' dir='ltr'>mo-</span> 
     </span>
     <span class='ocr_line' id='line_1_37' title="bbox 206 4122 1261 4200; baseline -0.002 -21"><span class='ocrx_word' id='word_1_334' title='bbox 206 4134 310 4191; x_wconf 75' lang='lat' dir='ltr'>ventur,</span> <span class='ocrx_word' id='word_1_335' title='bbox 335 4146 350 4179; x_wconf 88' lang='lat' dir='ltr'>a</span> <span class='ocrx_word' id='word_1_336' title='bbox 368 4123 442 4179; x_wconf 87' lang='lat' dir='ltr'>nullo</span> <span class='ocrx_word' id='word_1_337' title='bbox 462 4123 582 4180; x_wconf 82' lang='lat' dir='ltr'>inferiori</span> <span class='ocrx_word' id='word_1_338' title='bbox 600 4123 744 4200; x_wconf 79' lang='lat' dir='ltr'>quidquam</span> <span class='ocrx_word' id='word_1_339' title='bbox 762 4122 932 4180; x_wconf 78' lang='lat' dir='ltr'>admittentes</span> <span class='ocrx_word' id='word_1_340' title='bbox 957 4124 1034 4178; x_wconf 81' lang='lat' dir='ltr'>inse</span> <span class='ocrx_word' id='word_1_341' title='bbox 1051 4132 1185 4196; x_wconf 87' lang='lat' dir='ltr'>tamquam</span> <span class='ocrx_word' id='word_1_342' title='bbox 1202 4137 1261 4177; x_wconf 77' lang='grc' dir='ltr'><strong><em>εον·</em></strong></span> 
     </span>
     <span class='ocr_line' id='line_1_38' title="bbox 207 4211 653 4288; baseline 0 -22"><span class='ocrx_word' id='word_1_343' title='bbox 207 4230 265 4266; x_wconf 86' lang='lat' dir='ltr'>rum</span> <span class='ocrx_word' id='word_1_344' title='bbox 283 4213 468 4288; x_wconf 78' lang='lat' dir='ltr'>operationum</span> <span class='ocrx_word' id='word_1_345' title='bbox 485 4211 653 4287; x_wconf 81' lang='lat' dir='ltr'>principium</span> 
     </span>
     <span class='ocr_line' id='line_1_39' title="bbox 1080 4315 1096 4362; baseline 0 0"><span class='ocrx_word' id='word_1_346' title='bbox 1080 4315 1096 4362; x_wconf 87' lang='grc'><strong>7</strong></span> 
     </span>
    </p>
   </div>
   <div class='ocr_carea' id='block_1_5' title="bbox 0 0 1392 4876">
    <p class='ocr_par' dir='ltr' id='par_1_5' title="bbox 0 0 1392 4876">
     <span class='ocr_line' id='line_1_40' title="bbox 0 0 1392 4876; baseline 0 2"><span class='ocrx_word' id='word_1_347' title='bbox 0 0 1392 4876; x_wconf 95' lang='lat' dir='ltr'> </span> 
     </span>
    </p>
   </div>
  </div>
 </body>
</html>
