2776 4876
212 346 282 410 lo‚3
1214 344 1266 398 287

212 496 349 579 coctana)
381 498 519 588 δύναμις
547 506 582 566 ἐν
611 498 691 583 ἡμῖν
720 501 810 565 ἐστὶν
838 495 1064 580 εὶδιολοποιός,·
1098 505 1270 590 φαντασία

212 611 242 680 δ’
263 609 400 696 οὐδεμία
422 615 580 700 ἐγείρεται
603 612 663 691 τῆς
685 612 802 699 νοερᾶς
825 611 908 689 ζωῆς
922 612 1050 686 τελείως
1064 607 1268 697 ἐνεργούσης.

174 737 190 788 3
210 722 250 791 οὐ
271 717 364 810 παρά
386 733 457 801 τοῖς
479 727 576 800 θεοῖς
602 718 799 808 συνυπάρχον
820 719 842 801 ἡ
866 717 1014 800 ἀλήθεια
1035 719 1109 787 κατ’
1129 719 1268 803 οὐσίαν,·

209 833 283 901 ἀλλ’
303 833 377 919 οόχὶ
398 827 483 898 κατά
507 835 704 924 συμφωνίαν
727 834 918 918 ἐνιδρυμένη
941 841 1011 908 τοῖς
1025 842 1174 914 υοητοῖςς
1198 834 1268 913 εἰκῆ

208 948 322 1013 τοίνυν
350 940 392 1010 τά
423 945 562 1009 τοιαῦτα
589 947 645 1011 καὶ
673 939 766 1033 παρά
789 945 843 1010 σοὶ
872 946 928 1008 καὶ
954 932 1034 1030 παρ’
1061 940 1174 1020 ἀλλοις
1203 947 1268 1008 τισὶ

174 1072 191 1123 t
210 1059 393 1144 θρυλεῖται.
440 1052 512 1119 ἀλλ’
533 1052 607 1120 οὐδὲ
631 1051 696 1121 ὅσα
718 1053 762 1131 ὡς
783 1051 928 1144 ἀγύρτας
942 1058 999 1120 καὶ
1014 1051 1180 1134 ἀλαζόνας
1196 1056 1268 1119 δια-

211 1163 349 1254 σόρουσί
376 1187 461 1242 τινες
488 1159 566 1240 τοὺς
594 1167 659 1232 τῶν
688 1168 781 1231 θεῶν
808 1163 1034 1251 θεραπευτάς,
1066 1163 1115 1242 οἷς
1142 1169 1198 1232 καὶ
1228 1163 1269 1231 σε)

209 1273 428 1367 παραπλήσια
451 1275 590 1364 ε’ίρηκας,
614 1274 709 1343 οὐδὲν
734 1275 809 1343 οὐδὲ
831 1280 938 1344 ταῦτα
960 1272 1099 1342 ἀπτεται
1112 1281 1171 1358 τῆς
1186 1275 1267 1357 ἀλη-

175 1389 313 1468 θθινῆς
336 1390 519 1473 θεολογίας
540 1411 574 1452 τε
596 1390 653 1454 καὶ
674 1390 865 1477 θεουργίας.
901 1394 929 1454 ελ
951 1389 985 1454 δέ
1007 1384 1073 1454 ποό
1095 1410 1180 1465 τινες
1201 1411 1267 1452 πα-

210 1495 400 1589 ραφόονται
427 1502 572 1565 τοιοῦτοι
600 1493 695 1586 παρά
723 1496 784 1576 τάς
811 1501 877 1566 τῶν
905 1497 1050 1584 ἀγαθῶν
1085 1495 1268 1584 ἐπιστήμας

210 1607 339 1697 (ὥσπερ
361 1612 418 1676 καὶ
439 1605 533 1698 παρά
555 1603 615 1688 τάς
636 1605 742 1686 ἀλλας
763 1613 879 1695 τέχνας
908 1615 944 1676 αἱ
966 1614 1174 1696 κακοτεχνίαν
1202 1634 1266 1675 πα-

157 1731 192 1781 12
210 1717 533 1808 ραβλαστάνουσιν),
555 1716 785 1809 ἐναντιώτερον
807 1717 916 1802 δήπου
938 1713 1037 1787 αὗται
1056 1714 1140 1808 πρὸς
1165 1715 1268 1797 αὐτάς

209 1827 392 1918 ὑπάρχουσι
412 1833 542 1916 μᾶλλον
564 1823 586 1910 ἢ
609 1826 693 1918 πρὸς
716 1825 798 1898 ἀλλο
823 1829 950 1898 ὁτιοῦν*
979 1836 1026 1916 τῷ
1054 1828 1120 1918 γάρ
1142 1828 1267 1915 ἀγαθῷ

210 1937 249 2008 τό
271 1935 375 2008 κακόν
397 1938 593 2028 διαμόχεται
615 1943 745 2028 μᾶλλον
767 1937 791 2021 ἢ.
812 1946 859 2027 τῷ
881 1937 928 2027 μὴ
952 1941 1086 2026 ἀγαθῷ.

160 2068 192 2118 15
297 2050 473 2137 Βούλομαι
496 2051 537 2134 δὴ
566 2049 604 2119 τὸ
634 2048 718 2141 μετὰ
740 2057 838 2120 τοῦτο
862 2056 917 2118 καὶ
948 2049 990 2119 τά
1018 2048 1105 2119 ἀλλα
1133 2054 1304 2140 intona-3

209 2173 290 2249 μεῖν,
322 2160 387 2231 ὅσα
411 2160 600 2247 διαβάλλων
621 2157 683 2244 τὴν
705 2165 808 2229 θείαν
834 2160 1021 2250 πρόγνωσιν
1049 2158 1154 2240 ἀλλας
1174 2158 1268 2240 τινάς

209 2271 380 2360 μεθόδους
409 2272 492 2364 αὐτῇ
519 2271 759 2359 παραβάλλεις,
793 2277 868 2362 περὶ
901 2271 963 2354 τὴν
996 2277 1056 2340 τοῦ
1088 2277 1267 2358 μέλλοντος

159 2396 192 2448 18
211 2382 419 2474 προμήνυσιν
442 2381 686 2472 διατριβοόσας.
732 2386 804 2469 ἐμοὶ
827 2381 900 2470 γάρ,
925 2379 999 2450 οὔτε
1023 2384 1052 2450 ci'
1071 2409 1120 2462 τις
1142 2390 1176 2450 ἐκ
1203 2381 1266 2474 φό-

283 2563 307 2615 1.
335 2560 500 2621 ελδολοποιός
520 2563 553 2615 D.
617 2562 642 2615 4.
669 2564 830 2633 ἓνιδρνμίνην
848 2562 881 2614 0.
941 2565 964 2615 7.
974 2562 1000 2614 8.
1028 2558 1265 2632 σὺπαραπλὴσια]

280 2647 509 2719 σνμπαραπλήσιοι
527 2648 561 2701 0.
633 2649 658 2701 9.
685 2645 732 2712 τε]
751 2647 786 2698 sic
795 2647 829 2710 D,
848 2668 899 2699 om.
919 2647 953 2700 0.
1026 2647 1123 2700 9-11.
1151 2649 1196 2698 uoci
1214 2653 1267 2698 θε-

281 2737 428 2804 ουργίοις-
437 2731 538 2805 ὥσπερ]
557 2754 587 2786 τε
605 2735 651 2785 καὶ
668 2735 838 2802 φιλοσοφίας,
856 2727 916 2784 ἀλλ’
927 2728 1014 2803 ὥσπερ
1028 2734 1049 2783 Α
1063 2731 1147 2785 ceteris
1160 2732 1266 2794 omissis,

280 2839 318 2882 τε,
336 2815 422 2892 ὥσπερ
443 2819 463 2871 C
482 2818 568 2872 ceteris
585 2817 689 2871 omissio.
771 2819 813 2870 13.
842 2815 922 2883 ἀλλο]
942 2814 1003 2871 ἀλλ’
1024 2820 1056 2871 Α.
1139 2820 1181 2871 17.
1210 2837 1266 2870 ποι-

281 2903 412 2976 ροιβόλλης
431 2905 484 2957 AC.

209 3084 300 3143 idola?
323 3089 398 3164 atqui
416 3108 477 3144 cum
489 3087 607 3165 perfecte
619 3095 744 3164 operatur
756 3088 811 3142 vita
823 3085 1022 3154 intellectualis,
1041 3084 1180 3162 phantasia
1192 3103 1267 3159 pror·

210 3192 257 3228 sus
277 3175 459 3249 conquiescit3
477 3195 567 3230 nonne
584 3193 668 3250 penes
687 3172 753 3227 deos
771 3172 919 3228 secundum
937 3173 1080 3228 essentiam
1096 3171 1195 3226 veritas
1208 3170 1265 3245 ipsa

209 3278 261 3312 una
281 3278 340 3313 eam
358 3257 413 3315 illis
431 3258 511 3316 simul
530 3260 637 3316 existit?
665 3277 753 3313 nonne
771 3258 883 3314 ethaeo
901 3259 929 3312 in
947 3257 1027 3313 rebus
1052 3252 1265 3330 intelligibilibus

210 3344 357 3400 secundum
374 3347 586 3402 convenientiam
603 3343 742 3400 fundaturi
770 3363 852 3419 quare
870 3341 967 3398 frustra
986 3353 1016 3398 tu
1034 3340 1132 3418 aliique
1144 3337 1266 3394 nonnulli

208 3428 275 3486 hacc
294 3429 444 3507 divulgatis.
490 3428 563 3505 quod
580 3439 668 3484 autem
686 3428 797 3484 deorum
815 3426 932 3484 cultores
951 3438 1085 3503 tamquam
1111 3434 1218 3501 agyrtas
1238 3433 1265 3479 et

209 3526 364 3591 arrogantes
387 3515 509 3571 homines
532 3512 667 3583 nonnulli,
691 3515 850 3591 quibuscum
873 3523 902 3570 tu
920 3516 994 3592 paria
1012 3533 1097 3591 paene
1120 3510 1198 3577 lacis,
1223 3530 1265 3566 ca·

208 3599 379 3669 lumniantur‚
398 3599 466 3657 nihil
483 3603 553 3657 istoc
571 3599 634 3655 serit
650 3597 695 3656 vel
714 3621 804 3657 veram
816 3598 972 3676 religionem
984 3596 1029 3654 vel
1041 3597 1195 3673 theurgiam.
1241 3599 1266 3652 si

209 3689 255 3762 qui
273 3685 341 3742 tales
360 3687 554 3743 subnascentur
571 3685 671 3742 surculi
689 3689 718 3743 in
736 3687 888 3762 cognitione
900 3685 1052 3742 divinorum
1070 3685 1154 3754 (sicut
1165 3685 1193 3739 in
1205 3681 1265 3739 aliis

209 3772 311 3827 artibus
331 3773 534 3848 quibuscunque
546 3769 632 3829 malae
643 3783 714 3828 artes
726 3770 935 3848 suppullulanti,
954 3779 1025 3826 artes
1038 3769 1169 3825 eiusmodi
1181 3771 1264 3846 magis

209 3878 269 3914 cum
286 3859 400 3914 veritate
417 3866 535 3935 pugnant
553 3877 631 3933 quam
649 3878 710 3914 cum
722 3856 773 3913 alia
785 3877 816 3912 re
828 3854 954 3932 qualibet.
1000 3854 1098 3912 malum
1111 3857 1182 3912 enim
1192 3854 1263 3911 bono

208 3945 291 4019 magis
311 3964 390 4018 quam
407 3963 462 3999 non
480 3944 551 3998 bono
571 3944 733 3999 contrarium
752 3951 800 3997 est.

278 4027 371 4085 Placet
388 4031 441 4085 iam
459 4039 488 4085 et
506 4027 552 4084 illa
574 4048 731 4107 percurrere
755 4028 852 4103 quibus
875 4026 976 4083 videris
999 4025 1157 4084 calumniam
1179 4021 1301 4082 facere3

207 4116 392 4172 vaticinationi
411 4114 526 4182 (livinae,
545 4113 610 4171 alias
630 4113 758 4190 quasdam
776 4123 847 4169 artes
860 4115 931 4170 circa
943 4112 1092 4170 futurorum
1103 4110 1264 4188 praedictio·

208 4208 269 4258 ue'm
291 4211 430 4259 versantes
455 4221 567 4257 cumea
591 4199 777 4278 comparando.
823 4201 848 4255 si
871 4221 922 4276 qua
945 4202 1016 4256 enim
1039 4197 1161 4276 aptitudo
1185 4195 1263 4254 nobis
