2776 4876
207 351 261 406 208
1208 345 1263 406 5,ss

208 509 339 573 θυσιῶν
360 505 584 570 ἐπιδείκνυται.
629 501 668 567 οὐ
690 496 754 587 γὰρ
776 506 811 566 ἐν
835 502 873 590 τῇ
895 496 993 589 φύσει
1021 501 1077 564 καὶ
1100 510 1174 575 ταῖς
1196 523 1261 588 ‹pv-

209 628 316 694 συκαῖς
338 613 498 699 ἀνάγκαις
520 612 540 693 ἡ
564 617 629 679 τῶν
651 615 743 678 θεῶν
765 621 869 677 κεῖται
891 609 998 688 οὐσία,
1026 607 1109 676 ὥστε
1132 607 1267 676 πάθεσι

208 739 359 819 φυσικοῖς
381 729 631 814 συνεγείρεσθαι
651 719 674 805 τ’)
695 733 769 801 ταῖς
791 720 1030 800 διατεινούσαις
1052 720 1093 788 δι’
1110 719 1191 802 ὅλης
1205 723 1267 802 τῆς
1286 730 1301 782 3

208 838 337 931 φύσεως
359 835 545 923 δυνάμεσιν,
567 835 640 902 ἀλλ’
659 835 718 916 ἔξω
742 832 866 902 τούτων
880 832 965 900 καθ’
980 826 1101 914 ἑαυτὴν
1116 829 1265 922 ὥρισται,

208 951 303 1019 οὐδὲν
325 954 445 1036 ίχουσα
474 942 557 1031 πρὸς
586 945 671 1014 αὐτὰ
700 941 812 1014 κοινὸν
842 943 916 1012 οὔτε
945 944 1017 1011 κατ’
1038 944 1157 1013 οὐσίαν
1188 940 1265 1012 στ”τε

207 1058 293 1128 κατὰ
316 1059 457 1145 δύναμιν
480 1056 552 1127 οὔτε
575 1058 648 1124 κατ’
668 1053 750 1124 ἄλλο
774 1057 844 1124 οὐδ’
865 1056 986 1124 ὁτιοῦν.
1286 1073 1301 1120 υ

170 1180 191 1238 8
304 1167 353 1238 Tei
377 1171 407 1238 δ’
427 1168 513 1238 αὐτοὶ
535 1165 646 1237 ἄτοπα
669 1171 851 1256 συμβαίνει,
873 1172 929 1234 καί
951 1167 980 1234 εί
1000 1193 1085 1246 τινες
1098 1172 1164 1233 τῶν
1179 1166 1260 1255 παρ’

208 1284 288 1372 ἡμῖν
310 1280 479 1372 ἀριθμοὺς
501 1283 545 1361 ὡς
572 1286 625 1350 ἐπὶ
647 1286 707 1350 τοῦ
729 1282 939 1370 κροκοδείλου
966 1277 1177 1364 λαμβάνουσι
1203 1273 1267 1358 τὴν

210 1393 413 1477 ἑξηκοντάδα
437 1395 480 1472 ὡς
503 1398 625 1462 οίκείαν
649 1393 738 1478 ἡλίῳ,
765 1388 789 1474 ἢ
812 1390 931 1476 λόγους
953 1386 1110 1479 φυσικοὺς
1139 1389 1183 1468 ὡς
1204 1385 1267 1466 τοὶς
1286 1402 1302 1452 a

209 1510 275 1574 τῶν
297 1504 386 1588 ζώων
401 1503 555 1590 δυνάμεις
569 1509 624 1572 καί
640 1508 811 1589 ἐνεργείας,
833 1500 906 1570 οἷον
927 1500 1023 1580 κυνὸς
1038 1498 1269 1592 κυνοκεφάλου

209 1621 372 1704 μυγαλῆς,
401 1614 514 1696 κοινοίς
536 1613 638 1694 οὔσας
659 1612 742 1704 πρὸς
764 1611 917 1697 σελήνην,
947 1611 968 1695 ἢ
997 1609 1038 1681 τὰ
1067 1616 1165 1680 ίυυλα
1195 1611 1267 1692 είδη

211 1727 334 1817 (ὥσπερ
358 1733 411 1795 ἐπὶ
433 1735 498 1795 τῶν
520 1733 616 1815 ἱερῶν
638 1725 727 1808 ζώων
750 1731 927 1810 θεωρεῖται
955 1722 1040 1791 κατοί
1069 1723 1129 1803 τὰς
1147 1719 1268 1811 χροιὰς
1289 1733 1319 1783 ¹2

213 1844 269 1907 καὶ
284 1837 396 1918 πείσας
417 1844 476 1907 τοῦ
497 1837 649 1923 σώματος
671 1836 818 1929 μορφάς)
841 1835 862 1919 ἢ
883 1835 965 1905 ίίλλο
981 1863 1013 1904 τι
1026 1839 1092 1904 τῶν
1105 1839 1180 1925 περὶ
1196 1848 1268 1912 τοῖς

210 1947 341 2036 σώμασι
362 1956 427 2018 τῶν
450 1948 538 2031 ζώων
560 1947 582 2030 ἢ
605 1953 670 2017 τῶν
692 1946 802 2016 ἄλλων
823 1950 978 2017 ὁπωσοῦν
1006 1952 1267 2036 προσαγομένων

210 2065 380 2129 αίτιῶνται
402 2067 461 2144 τῆς
482 2059 650 2142 ποιήσεως,
673 2058 695 2142 d
712 2066 811 2145 μέλος
832 2061 890 2144 (ὡς
911 2066 963 2128 ἐπὶ
980 2064 1038 2141 τῆς
1052 2062 1191 2144 καρδίας
1206 2061 1269 2124 τοῦ
1287 2076 1321 2126 15

210 2172 445 2260 ἀλεκτρυόνος)
474 2173 496 2254 ἢ
519 2170 605 2240 ἄλλα
627 2173 702 2240 τινα
725 2177 863 2241 τοιαῦτα
886 2177 952 2239 τῶν
974 2176 1047 2260 περὶ
1076 2167 1136 2251 τὴν
1164 2168 1268 2261 φύσιν

280 2338 307 2388 l.
335 2339 430 2391 ἑαυτὸν
450 2337 478 2389 C.
560 2341 584 2388 7.
613 2335 694 2402 τινες]
713 2335 749 2387 sie
768 2335 847 2398 Act),
872 2355 945 2394 τινας
963 2334 996 2387 0.
1077 2336 1103 2386 8.
1130 2335 1268 2404 κροκοδεί-

280 2421 342 2488 λου]
361 2422 393 2487 „d
412 2426 439 2477 δὲ
458 2423 590 2493 ποτάμιος
608 2423 771 2495 κροκόδειλος
789 2416 979 2492 τίκτειμὶνῷτὶ
993 2419 1088 2482 πολλοί,
1105 2421 1267 2475 τὰπλεῖστα

281 2511 340 2580 περί
360 2509 499 2578 ἑξήκοντα,
522 2509 603 2563 λευκοὶ
621 2509 671 2578 τήν
687 2507 783 2579 χρόαν,
807 2510 852 2561 καί
870 2505 1035 2575 ίτιικοίθηται
1053 2501 1079 2559 δ’
1093 2505 1194 2578 ἡμέρας
1212 2505 1268 2572 ἔξη-

280 2615 370 2648 κοντα.
400 2594 519 2649 Aristot.“
555 2595 619 2648 Gale
644 2592 715 2660 [hiso
740 2593 816 2647 anim.
840 2596 856 2646 5
881 2596 937 2646 tl.
957 2614 982 2662 p.
998 2592 1050 2645 558
1072 2613 1086 2644 a
1110 2594 1144 2645 17
1168 2590 1267 2658 Betkl.

282 2684 323 2734 11.
350 2681 464 2751 μεγάλης
485 2681 563 2735 acl).
691 2682 813 2734 12-13.
843 2678 1146 2752 θεωρεῖται-μορφάς
1163 2697 1215 2731 ona.
1235 2678 1268 2731 0.

282 2769 325 2820 12.
350 2768 455 2837 χροιιοὶς
475 2770 504 2820 Α.
632 2771 673 2821 13.
702 2765 770 2833 τῶν]
789 2767 824 2819 sie
843 2765 899 2830 CD,
926 2785 977 2817 om.
997 2765 1029 2818 0.
1151 2767 1194 2818 15.
1222 2769 1265 2834 μέ-

282 2855 344 2911 λους
363 2852 443 2905 Act).
517 2855 557 2905 16.
583 2849 759 2925 ἠλεκτρυῶνος
777 2853 835 2915 ΑΙ),
861 2846 1052 2924 ἦλλεκτρυῶνος
1071 2850 1100 2902 C.

211 3013 270 3090 ipsa
289 3031 403 3088 namque
426 3011 537 3069 deornm
560 3016 676 3070 essentia
698 3034 748 3071 nee
772 3017 800 3070 in
823 3023 915 3070 natura
937 3033 987 3069 nee
1010 3015 1039 3068 in
1062 3009 1271 3068 necessitatibus

211 3097 380 3155 naturalibus
398 3101 487 3176 posita
506 3110 556 3168 est,
575 3102 612 3156 ita
629 3111 660 3157 nt
677 3122 711 3158 ex
729 3100 901 3178 passionibus
919 3096 1084 3156 naturalibus
1095 3098 1270 3161 comitetur,

210 3184 254 3241 vel
271 3186 401 3261 potentiis
418 3206 467 3263 per
485 3197 570 3243 totam
588 3197 709 3243 naturam
727 3187 833 3244 diffusis
852 3184 1018 3264 impellatur,
1041 3182 1091 3240 sed
1109 3192 1184 3239 extra
1202 3182 1270 3238 lraee

210 3273 298 3327 omnia
316 3291 399 3348 penes
424 3275 559 3351 seipsam
583 3272 758 3330 determinata
776 3283 831 3340 est,
855 3271 922 3328 nihil
946 3270 1026 3327 habet
1050 3290 1110 3326 eum
1132 3270 1175 3326 hie
1199 3288 1272 3325 eom·

210 3377 290 3414 mune
308 3356 352 3414 vel
370 3360 398 3413 in
417 3361 533 3416 essentia
551 3358 595 3415 vel
612 3362 732 3437 potentia
750 3358 794 3415 vel
812 3358 863 3414 alia
881 3358 969 3434 aliqua
988 3359 1016 3412 in
1035 3376 1072 3413 re.

172 3443 219 3504 θ’
281 3445 399 3501 Eaedem
417 3445 595 3502 absurditates
615 3456 768 3521 sequentur,
788 3447 812 3502 si
831 3446 878 3522 qni
896 3463 1021 3500 numeros
1033 3442 1104 3519 apud
1116 3461 1165 3497 nos
1178 3440 1214 3496 ad
1226 3461 1273 3497 su·

209 3534 316 3608 periore
335 3530 546 3600 accommodant,
570 3533 656 3587 sicin
675 3531 812 3588 crocodilo
831 3533 1030 3607 sexagenarium
1048 3548 1187 3585 nnmerum
1205 3538 1273 3583 tam·

211 3634 292 3691 qnam
315 3616 367 3674 soli
391 3619 593 3674 convenientem
617 3627 737 3682 snmunt;
759 3617 804 3673 vel
827 3619 874 3692 qui
898 3618 1015 3673 rationes
1039 3616 1181 3695 physicas,
1204 3624 1272 3691 puta

211 3700 361 3758 animalium
379 3706 451 3760 vires
469 3713 497 3758 et
515 3705 685 3781 operationes
708 3701 760 3758 hue
785 3702 903 3769 trahunt;
927 3705 967 3760 sie
991 3723 1084 3760 canem
1107 3712 1134 3758 et
1157 3720 1273 3776 eynoee·

210 3785 322 3864 phalum
338 3798 365 3844 et
387 3789 527 3845 mustelam
548 3788 628 3846 lunae
650 3808 803 3845 communes
825 3787 939 3856 laniunt3
961 3791 1025 3846 item
1048 3791 1095 3866 qni
1118 3786 1272 3844 meteriales

211 3872 341 3949 quasdam
364 3877 469 3950 speeies
493 3878 586 3943 (sieut¹
600 3879 628 3931 in
651 3877 737 3932 saeris
762 3873 921 3931 animalibus
944 3885 1056 3954 apparet
1074 3895 1107 3930 ex
1131 3873 1272 3930 coloribus

210 3969 238 4015 et
256 3957 381 4014 omnibus
394 3963 516 4036 eorporis
529 3962 635 4037 liguris)
652 3961 697 4018 vel
710 3960 782 4017 aliud
795 3961 861 4038 quid
873 3965 902 4018 in
914 3963 1077 4041 corporibus
1087 3962 1272 4026 animantium,

212 4045 357 4102 aliarumve
375 4064 463 4101 rernm
482 4066 549 4119 quae
561 4046 737 4116 adducuntur,
757 4051 920 4126 operationis
933 4057 1054 4124 arguunt,
1073 4058 1118 4104 ant
1130 4050 1177 4124 qni
1190 4066 1273 4103 mem-

212 4133 289 4190 brum
307 4129 426 4207 aliquod,
445 4139 475 4185 nt
488 4150 534 4185 eor
546 4130 617 4207 galli,
635 4143 680 4188 aut
691 4132 844 4191 huiusmodi
857 4134 907 4190 alia
921 4137 1030 4210 quaevis
1044 4155 1112 4211 qnae
1124 4142 1274 4190 cernuntur

213 4218 240 4271 in
258 4229 351 4275 natura
370 4234 464 4274 causas
483 4215 596 4273 eredunt
619 4220 811 4278 sacrificiorum
834 4221 1008 4278 efficacitatis.
1054 4222 1155 4297 quippe
1169 4238 1208 4276 ‘ex
1227 4216 1273 4273 lris
