2776 4876
159 366 196 421 38
1145 370 1169 430 1,
1182 368 1212 420 11

209 550 214 555 ·
252 519 342 602 otta,
364 529 392 589 εί
414 519 466 589 ὅτι
492 519 639 608 μάλιστα
664 526 780 611 χρείαν
808 517 871 609 εἶχε
899 519 1070 602 τοιαύτην,
1098 544 1215 606 προσε

160 632 269 716 δεήθη
284 629 327 701 ὁίν
341 658 421 701 ποτε
435 638 501 701 τῶν
516 633 707 721 ἀνθρώπων
721 641 767 713 είς
781 630 841 714 τὴν
852 630 1009 714 τοιαότην
1018 636 1214 718 θρησκείαν,

150 741 243 827 αὐτὴ
267 744 326 836 ἀφ’
345 751 464 828 ἑαυτῆς
485 750 541 813 καὶ
564 741 631 812 ἀπὸ
646 748 707 828 τῆς
720 749 780 813 τοῦ
793 742 920 830 κόσμου
934 741 1063 834 φύσεως
1084 747 1216 827 καὶτῆς
1232 757 1247 808 t

160 863 196 924 ίν
216 862 256 950 τῇ
277 863 400 942 γενέσει
420 855 623 938 τελειότητος
645 857 931 944 ἀποπληρονμίνη,
956 858 1012 922 καὶ
1034 862 1062 923 εί
1084 851 1159 923 οίόν
1180 879 1215 922 τι

159 972 257 1036 τοῦτο
274 975 383 1050 clarete,
398 964 462 1056 πρὸ
477 972 537 1036 τοῦ
552 971 689 1036 δεῖσθαι
703 965 988 1053 προλαμβάνοοσα
1003 963 1041 1034 τό
1057 962 1224 1053 αὔταρκες-

160 1076 215 1146 διοί
236 1076 298 1161 τὴν
320 1080 458 1162 breviari
481 1083 541 1147 τοῦ
561 1078 689 1165 κόσμον
711 1076 856 1160 ὁλότητα
877 1082 934 1146 καὶ
956 1077 1017 1160 τὴν
1032 1082 1152 1160 ίαντῆς
1166 1085 1249 1149 obt

159 1195 257 1259 κείαν
277 1189 528 1279 ἀποπλήρωσιν,
557 1194 614 1256 καί
636 1189 720 1258 διότι
740 1188 846 1277 μεστοί
868 1188 978 1256 πάντα
1000 1193 1066 1256 τῶν
1088 1194 1216 1257 οίιιιίοιν

160 1303 305 1390 ἀγαθῶν
326 1300 369 1369 τὰ
390 1307 562 1390 κρείττονα
583 1307 661 1388 γένη
683 1301 828 1389 ὑπάρχει.

248 1410 356 1496 Κοινὴ
377 1419 438 1500 μὲν
460 1407 520 1483 οὖν
533 1414 638 1481 ταῦθ’
657 1413 738 1498 ἡμῖν
752 1418 834 1481 ἔστιν
848 1416 1052 1502 παραμυθία
1066 1417 1140 1499 περὶ
1155 1415 1218 1494 τῆς
1233 1429 1250 1481 t

160 1523 334 1616 ἀχράνταν
346 1530 529 1613 θρησκείας
540 1525 584 1605 ὡς
595 1522 703 1603 ἄλλοις
712 1531 836 1604 οἰκείας
846 1525 1136 1612 σνναρμοζομίνης
1145 1535 1218 1602 τοῖς

160 1641 342 1726 κρείττοσιν
364 1637 475 1722 ἡμῶν,
504 1642 559 1704 καὶ
582 1635 668 1705 διότι
688 1634 830 1726 καθαρὰ
858 1635 941 1723 πρὸς
962 1631 1140 1722 καθαροὺς
1159 1639 1217 1701 καὶ

161 1744 305 1829 ἀπαθὴς
324 1744 410 1834 πρὸς
431 1748 581 1828 ἀπαθεῖς
603 1747 821 1836 προσάγεται·
854 1748 899 1814 ool
921 1748 951 1815 δ’
967 1756 1003 1816 ὲν
1024 1759 1095 1825 τοῖς
1109 1748 1216 1812 navit»
1234 1761 1268 1811 12

161 1880 270 1926 ναστα
291 1859 436 1940 ἐπιόντες
456 1856 521 1942 τήν
542 1867 602 1949 μὲν
623 1865 690 1928 τῶν
712 1864 849 1952 φαλλῶν
871 1858 989 1927 στάσιν
1004 1862 1064 1941 τῆς
1077 1862 1218 1944 γονίμου

162 1968 330 2056 δυνάμεως
351 1970 513 2059 σύνθημά
536 1999 568 2040 τι
590 1972 674 2041 εἶναι
688 1977 807 2064 φαμέν,
829 1978 885 2039 καὶ
899 1972 1023 2053 ταύτην
1042 1972 1217 2056 προκαλεῖ-

165 2084 254 2148 σθαι
275 2084 452 2168 νομίζομεν
474 2091 520 2162 είς
540 2081 602 2165 τὴν
624 2089 868 2172 γενεσιονργίοιν
890 2086 950 2149 τοῦ
971 2081 1113 2166 κόσμον·
1147 2078 1218 2146 διό-
1236 2095 1267 2146 st

233 2312 258 2361 2.
286 2310 354 2380 asir}
376 2312 411 2363 sic
432 2311 475 2363 AC
494 2330 544 2364 om.
564 2312 597 2363 0.
705 2313 730 2362 1.
758 2324 815 2380 post
832 2314 928 2378 γενίσιι
947 2309 990 2361 AC
1009 2309 1103 2360 addunt
1121 2304 1216 2375 πόσης.

231 2399 256 2449 5.
284 2395 375 2465 εἰπεῖν]
395 2403 418 2451 ελ
436 2396 491 2451 πᾶν
508 2398 540 2451 Β.
561 2391 574 2466 ΙΙ
594 2397 840 2469 προσλαμβάνουσιν
858 2397 891 2450 Ο.
983 2398 1008 2449 6.
1036 2391 1156 2461 ἀνενόεῆ]
1176 2399 1216 2446 ir-

231 2480 278 2550 ore}
292 2483 394 2536 ABCl).
409 2480 421 2554 ΙΙ
433 2488 537 2542 ἑαυτοῖς
558 2482 637 2535 Act).
711 2487 734 2535 7.
761 2478 1105 2553 ἀποπλήρωσιν-οἰκείων
1123 2500 1166 2531 om
1186 2484 1215 2530 Α.

231 2570 255 2620 8.
283 2564 408 2637 ἀγαθῶν]
428 2566 541 2638 ἀγαθῶν
557 2571 629 2623 θεῶν
649 2577 680 2624 Α.
752 2571 777 2622 9.
805 2571 878 2622 κοινοὶ
899 2572 929 2618 Α.
1007 2569 1050 2622 10.
1078 2563 1213 2638 όχράττοιι

232 2654 287 2717 AC,
314 2651 448 2727 ολιιρόντον
465 2657 500 2707 D.
523 2650 535 2724 ΙΙ
556 2652 651 2722 ἄλλως]
669 2659 704 2710 τοὶ
724 2653 751 2709 τ’
766 2652 836 2709 ἄλλα
855 2658 885 2716 Α,
913 2651 941 2707 τ’
955 2650 1024 2708 ἄλλοι
1042 2654 1071 2716 C,
1089 2673 1140 2705 om.
1160 2651 1217 2718 BD,

232 2743 274 2792 sed
293 2743 384 2794 babent
402 2743 524 2794 lacunam.
603 2746 645 2796 12.
672 2739 786 2812 ἀπαθὴς
804 2743 871 2813 πρὸς
890 2762 940 2794 om.
960 2745 993 2793 Α.
1070 2742 1111 2793 14.
1139 2729 1217 2805 εἶναι]

233 2825 268 2877 sic
285 2828 365 2888 ACD,
383 2849 433 2878 om.
452 2829 485 2881 0.
577 2831 618 2882 14.
633 2832 674 2881 15.
702 2827 910 2898 προκαλεῖσθαι]
929 2827 964 2879 sic
982 2829 1039 2889 AD,
1058 2829 1218 2896 προσκαλεῖ-

234 2919 309 2966 σθαι
326 2914 358 2967 Ο,

234 3119 337 3197 Neque,
356 3130 386 3176 ut
403 3122 497 3179 demus
516 3143 583 3200 opus
603 3125 629 3179 ei
647 3125 760 3179 maxime
779 3145 840 3181 esse
857 3122 1010 3190 biarchus,
1032 3121 1166 3198 indigeret
1183 3130 1221 3176 ta·

164 3226 224 3262 men
242 3205 380 3263 bominum
397 3227 479 3285 opera
497 3209 531 3265 ad
548 3207 619 3266 bunc
638 3207 752 3278 cultum,
775 3230 836 3266 uam
858 3209 980 3287 expletur
1002 3217 1058 3264 tum
1079 3228 1094 3262 a
1112 3226 1142 3262 se
1160 3207 1221 3285 ipsa
1250 3246 1257 3265 .

163 3302 219 3350 tum
236 3315 251 3349 a
269 3304 361 3349 natura
379 3294 470 3351 mnndi
489 3305 545 3351 tum
564 3317 579 3350 a
601 3294 801 3373 pulchritudine
820 3316 888 3372 quae
910 3297 940 3351 in
962 3296 1053 3371 genesi
1076 3295 1220 3370 reperitur,

162 3389 190 3435 et
207 3381 231 3436 si
250 3379 299 3436 lari
316 3383 354 3436 ita
372 3379 460 3449 liceat,
478 3383 633 3459 priusquam
651 3385 740 3461 possit
757 3382 877 3458 indigere
896 3384 993 3460 recipit
1005 3379 1078 3457 quod
1095 3383 1161 3435 satis
1173 3381 1220 3455 sit,

162 3476 218 3521 tum
230 3477 343 3544 propter
353 3466 551 3524 indeficientem
562 3468 654 3525 mundi
666 3467 867 3547 perfectionem,
886 3479 941 3524 tum
954 3477 1067 3546 propter
1077 3469 1120 3523 aui
1131 3468 1220 3544 ipsius

162 3550 365 3629 plenitudinem,
385 3564 412 3610 et
430 3556 491 3632 qaia
511 3557 599 3610 omnia
611 3555 721 3611 meliora
734 3575 830 3633 genera
842 3554 922 3632 plena
935 3564 999 3611 sunt
1010 3553 1222 3612 domesticorum

163 3639 303 3694 bonorum.

183 3726 186 3730 ’
232 3721 304 3779 llaec
322 3727 403 3800 igitur
419 3729 448 3783 in
465 3748 561 3805 genere
579 3726 683 3784 salvum
700 3737 837 3805 praestare
860 3728 968 3806 possint
989 3725 1142 3784 divinornm
1166 3727 1222 3784 eul-

163 3819 229 3877 tum,
248 3809 320 3885 qnod
336 3809 489 3870 huiusmodi
507 3817 575 3871 ritus
594 3817 659 3871 satis
678 3823 741 3891 apte
758 3814 988 3870 accommodemus
1006 3815 1110 3870 naturis
1127 3824 1220 3872 nostra
1235 3831 1240 3848 ¹

163 3899 416 3974 praestantioribus,
434 3911 461 3956 et
479 3900 552 3977 quod
569 3921 636 3979 pura
655 3901 784 3977 religione
803 3901 836 3957 ad
854 3901 920 3957 deos
938 3919 1020 3979 puros
1039 3910 1066 3956 et
1077 3901 1221 3979 impatibili

163 3981 198 4038 ad
216 3982 378 4059 impatibiles
397 3989 649 4064 appropinquamus.
691 3986 725 4043 ad
736 3986 919 4065 'particulares
943 4007 1006 4044 vero
1030 3991 1173 4046 instantias
1190 3998 1222 4046 ot

164 4069 368 4138 descendamus,
392 4071 506 4128 dicimus
523 4070 674 4149 pballomm
693 4077 854 4131 erectionem
877 4077 981 4152 signum
1004 4074 1138 4152 quoddam
1160 4095 1224 4132 esse

165 4157 273 4212 virtutis
291 4159 468 4235 generativae,
487 4166 514 4212 et
532 4157 600 4214 banc
617 4180 667 4236 per
683 4158 736 4217 boc
754 4163 858 4238 siguum
875 4163 1016 4238 provocari
1028 4161 1063 4216 ad
1074 4163 1224 4237 genituram

166 4243 272 4310 mundi;
299 4245 425 4321 moniam
448 4240 553 4300 scilicet
575 4262 637 4300 rere
661 4264 738 4322 quam
760 4242 876 4324 pdbrima
899 4247 993 4304 oscilla
1021 4256 1221 4316 consecrentur,
