2776 4876
209 338 283 402 aaa
1191 335 1267 401 ¹aar

209 515 265 558 ται
287 494 342 557 καὶ
365 497 437 568 τοῖς
458 487 594 579 σφόδρα
617 489 811 577 ὀλιγοστοῖς,
833 492 889 557 καί
911 486 1094 574 ἀγαπητόν,
1117 495 1144 555 εί
1159 492 1215 556 καί
1231 495 1266 557 ἐν

211 605 350 688 δυσμαῖς
373 603 433 668 τοῦ
454 602 532 685 βίου
554 605 634 668 ποτὲ
656 598 842 691 ὑπάρξοιεν.
888 599 962 667 ἀλλ’
982 599 1001 667 ὁ
1023 604 1083 668 νῶν
1105 597 1204 685 λόγος
1226 599 1267 669 οὑ

174 733 189 784 3
210 718 256 796 τῷ
279 709 419 796 τοιούτῳ
441 711 538 801 ἀνδρὶ
560 715 827 800 διαθεσμοθετεῖ
842 715 1010 802 (κρείττων
1024 707 1090 798 γάρ
1105 716 1173 776 ἐστι
1187 734 1269 778 παν·

209 821 266 901 τός
287 821 416 908 νόμου),
437 831 509 901 τοῖς
530 825 565 891 δὲ
588 827 756 910 δεομένοις
774 827 908 911 δεσμοῦ
924 817 1016 899 τινός
1030 817 1192 908 προσάγει
1206 815 1268 904 τὴν

208 930 366 1015 τοιαύτην
387 936 608 1018 νομοθεσίαν.
646 937 730 1018 λέγει
752 938 872 1013 τοίνυν,
897 931 951 1002 ὅτι
966 931 1125 1021 καθάπερ
1140 929 1268 1019 κόσμον

175 1041 285 1122 ςτινά
308 1052 343 1110 ἐκ
365 1047 496 1112 πολλῶν
518 1041 643 1125 τάξεων
659 1052 704 1122 είς
717 1049 800 1130 μίαν
815 1043 971 1112 συνιόντα
994 1042 1159 1124 σύνταξιν,
1183 1040 1268 1112 οὕτω

209 1159 264 1222 καὶ
286 1159 351 1222 τῶν
373 1159 505 1223 θυσιῶν
520 1158 569 1223 δεῖ
583 1152 645 1237 τὴν
667 1154 909 1245 συμπλήρωσιν,
931 1157 1144 1225 ἀνέκλειπτον
1160 1147 1267 1224 οὖσαν

209 1270 265 1335 καὶ
287 1264 477 1354 ὁλόκληρον,
500 1263 567 1352 ὅλῳ
588 1269 635 1352 τῶ
657 1265 827 1354 διακόσμῳ
849 1271 915 1335 τῶν
931 1265 1125 1357 κρειττόνων
1140 1263 1268 1345 συνάπ-

174 1380 342 1451 urendas.
380 1373 467 1444 ἀλλά
489 1373 557 1464 μὴν
579 1370 684 1457 οὗτος,
707 1378 736 1446 εί
755 1404 791 1465 γε
813 1376 914 1457 πολύς
936 1385 1006 1445 ἐστι
1027 1381 1083 1445 καί
1104 1374 1268 1457 παντελὴς

209 1493 266 1555 καὶ
287 1488 374 1554 κατά
395 1485 522 1567 πολλάς
544 1486 654 1569 τάξεις
677 1486 918 1578 συμφυόμενος,
941 1490 990 1555 δεῖ
1003 1492 1116 1556 τοίνυν
1130 1492 1187 1555 καὶ
1206 1483 1268 1570 τὴν

209 1606 397 1690 ἱερουργίαν
418 1603 601 1688 μιμεῖσθαι
623 1598 727 1666 αὑτοῦ
748 1595 787 1666 τὸ
810 1599 1026 1667 παντοδαπὸν
1042 1599 1084 1666 δι’
1101 1597 1187 1666 ὅλων
1203 1600 1268 1666 τῶν

158 1730 191 1782 12
209 1716 468 1801 προσαγομένων
490 1709 669 1795 δυνάμεων.
715 1705 801 1777 κατά
823 1707 862 1776 τί
888 1704 975 1776 αὑτά
1003 1713 1116 1777 τοίνυν
1144 1713 1201 1776 καὶ
1223 1704 1267 1776 τά

209 1825 284 1909 περὶ
306 1821 397 1907 ἡμᾶς
418 1819 618 1888 παντοδαπά
642 1816 725 1888 όντοι
748 1821 789 1888 οὑ
805 1817 872 1910 χρὴ
894 1828 929 1887 έκ
950 1826 1069 1908 μέρους
1091 1817 1180 1899 τινός
1201 1824 1267 1888 τῶν

210 1941 246 1999 ὲν
269 1932 384 2010 αὐτοῖς
412 1935 683 2024 συννφαίνεσθαι
709 1929 793 2020 πρὸς
821 1929 864 1999 τά
894 1929 1130 2021 προηγούμενα
1158 1931 1268 2000 αὑτῶν

159 2068 192 2119 15
212 2047 294 2111 θεῖα
317 2042 416 2125 α’ίτιοι,
439 2042 513 2110 ἀλλ’
532 2042 607 2111 οὐδὲ
630 2042 752 2122 ἀτελῶς
773 2039 857 2133 πρὸς
870 2039 947 2121 τοὺς
961 2042 1144 2132 ἀρχηγέτας
1159 2040 1269 2109 αὐτῶν

211 2152 353 2236 ἀνήκειν.

284 2414 307 2464 l.
335 2415 358 2464 el
376 2410 436 2478 καί]
456 2411 557 2475 sicae,
584 2414 629 2466 καί
647 2416 670 2466 τί
689 2413 722 2477 D,
748 2415 772 2465 ei
790 2412 823 2464 0.
896 2414 920 2464 2.
949 2408 1078 2481 δυσμαῖς]
1098 2406 1192 2461 sicAC
1205 2408 1266 2474 Res.

283 2499 369 2550 Fesclr.
382 2512 405 2550 et
416 2517 480 2551 corr.
492 2498 526 2562 D,
553 2500 641 2572 δυσμῄ
661 2500 693 2553 0.
714 2493 726 2566 ΙΙ
748 2496 891 2569 ὑπάρξοιεν
904 2501 935 2561 Α,
961 2495 1169 2567 dadolenam,
1187 2492 1267 2564 ὑπέρ-

282 2587 346 2643 ξειεν
364 2585 424 2650 lieo.
442 2584 531 2637 Βοιὼ.
622 2585 646 2638 3.
674 2588 784 2657 κρείττω
808 2585 840 2636 Β.
929 2585 955 2636 4.
984 2580 1107 2653 δεσμοῦ]
1131 2581 1166 2632 sie
1187 2579 1267 2644 ΑΕΒ,

282 2668 377 2740 θυμοῦ
395 2670 427 2723 0.
500 2672 525 2723 d·
552 2667 690 2736 σύνταξιν]
710 2669 814 2730 σὺναειν
833 2669 918 2721 Fesch.
996 2669 1019 2722 9.
1047 2666 1113 2738 μὴν]
1132 2666 1168 2718 sic
1186 2664 1268 2729 Aen,

282 2760 328 2826 μὲν
347 2757 380 2810 0.
453 2758 494 2810 14.
521 2752 629 2822 αὑτοῖς]
648 2756 684 2808 sic
702 2756 757 2820 Ac,
784 2750 879 2816 αὑταῖς
898 2755 930 2808 0.

213 2996 265 3053 hoc
283 3014 345 3052 sero
363 2995 506 3052 admodum
525 2994 633 3052 advenit
650 3003 678 3050 et
696 2994 797 3073 oppido
814 2996 916 3071 paneis,
937 3002 965 3048 et
982 2993 1051 3049 bene
1068 2991 1208 3047 nobiseum
1226 2992 1268 3066 agi

212 3082 359 3161 putandum
377 3090 432 3149 est,
456 3083 527 3137 siin
544 3082 616 3138 vitae
640 3101 737 3137 occasu
756 3083 898 3156 contingat
944 3078 993 3134 sed
1011 3087 1103 3133 nostra
1126 3075 1192 3130 haee
1215 3074 1269 3130 dis·

213 3172 319 3247 putatio
337 3168 385 3224 tali
402 3170 461 3225 viro
480 3168 565 3244 legem
583 3186 638 3222 non
655 3169 733 3244 ponit
750 3171 806 3234 (est
823 3169 894 3222 enim
912 3184 993 3240 supra
1011 3181 1104 3218 omnes
1115 3158 1269 3217 huiusmodi

215 3254 315 3330 leges),
340 3253 390 3311 sed
407 3255 441 3310 iis
459 3253 530 3310 huno
548 3272 684 3310 sacrorum
701 3251 862 3329 praeseribit
879 3249 1001 3304 ordinem
1024 3249 1070 3323 qui
1087 3245 1176 3322 aliqua
1194 3247 1269 3301 insti-

213 3343 316 3396 tutione
334 3361 401 3418 opus
418 3339 541 3396 habeant.
588 3337 641 3394 Ιιοο
658 3347 761 3393 tantum
777 3336 845 3404 vult,
864 3333 937 3411 quod
956 3331 1178 3409 quemadmodum
1195 3351 1269 3386 mun·

215 3426 265 3482 dus
283 3430 370 3483 omnis
390 3446 423 3482 ex
440 3423 533 3481 multis
556 3423 695 3480 ordinibus
718 3426 747 3480 in
768 3442 850 3480 unum
868 3421 989 3477 ordinem
1012 3418 1157 3474 conflatum
1178 3414 1268 3483 habet,

213 3510 338 3567 similiter
355 3509 487 3566 sacrificia
505 3509 603 3565 debent
620 3509 719 3566 habere
737 3509 959 3587 complementum
970 3506 1071 3560 iustum
1090 3512 1118 3558 et
1128 3503 1268 3576 integrum,

215 3614 268 3670 quo
286 3596 395 3672 possint
411 3597 463 3651 toti
482 3597 651 3672 superiorum
669 3594 759 3651 ordini
776 3605 839 3673 apte
862 3590 1034 3649 concordare.
1083 3607 1164 3664 qnare
1182 3590 1206 3644 si
1224 3585 1270 3644 ille

214 3678 329 3736 mundus
347 3678 489 3757 multiplex
512 3690 556 3735 est
572 3689 600 3736 et
621 3681 723 3757 integer
746 3689 773 3736 et
794 3700 829 3736 ex
850 3676 942 3734 multis
967 3674 1106 3746 ordinibus
1131 3683 1269 3742 connatus,

216 3774 325 3844 oportet
342 3784 407 3820 sane
425 3776 454 3820 et
471 3784 608 3822 sacrorum
626 3767 694 3822 ritus
713 3767 812 3821 imitari
830 3765 889 3819 eius
911 3763 1079 3829 varietatem,
1101 3763 1188 3818 varias
1209 3760 1270 3818 affe·

215 3852 299 3910 rendo
318 3860 475 3930 potestates.
523 3850 648 3907 similiter
665 3871 734 3927 quae
751 3852 823 3906 circa
840 3867 891 3904 nos
909 3857 981 3915 sunt,
1000 3849 1124 3924 quoniam
1142 3844 1271 3903 multifor-

215 3941 267 3994 mia
285 3949 356 4006 sunt,
375 3957 429 3994 non
448 3936 547 3994 debent
564 3956 597 3992 ex
614 3955 667 3992 una
685 3944 787 3990 tantum
805 3936 847 3990 sui
864 3943 942 4011 parte
958 3933 1153 3990 accommodari
1171 3931 1270 3989 divinis

216 4044 283 4100 quae
302 4027 341 4081 eis
359 4022 514 4102 praesident
531 4023 628 4088 causis,
646 4041 697 4077 nee
714 4018 870 4098 imperfecte
883 4016 916 4074 nd
928 4039 992 4076 suos
1005 4019 1087 4079 duces
1098 4016 1254 4081 ascendero

491 4275 501 4303 δ
