2776 4876
201 362 255 424 2³
1219 360 1253 413 i³

201 519 262 602 μὲν
284 511 454 606 φερόμενα
467 510 517 583 col.
538 517 643 596 tota,
665 510 710 581 τά
730 513 759 581 δΙ
775 508 953 598 ήχεμονικά
967 518 1114 600 μονίμως
1128 519 1254 582 ἑστῶτα

203 633 239 695 εν
259 625 388 705 αὐτοῖς,
415 621 458 692 τά
486 628 521 693 δὲ
549 629 615 693 τῶν
640 621 756 716 ήρόων
781 624 960 712 ύπειχμόνα
981 628 1021 718 τῇ
1047 623 1171 707 κινήσει
1197 630 1254 693 καὶ

167 739 391 826 εμεταβοδής
411 736 476 805 Ιοάκ
501 733 643 826 ἀμοιρα,
671 732 715 804 τὰ
742 739 777 804 δὲ
802 741 868 807 τῶν
894 740 1010 827 ψυχῶν
1036 735 1254 823 προσεοικότα

202 852 323 934 μέντοι·
336 847 584 938 τοῖς-ἡρωικοῖς,
602 844 763 921 ἐλάττονα
777 851 812 916 δὲ
828 844 916 932 ὅμως
931 842 1015 917 όντα
1028 852 1085 917 καὶ
1098 845 1232 916 τούτων.

293 955 391 1045 Πρός.
410 956 453 1041 δή
476 958 605 1039 τούτοις
626 970 697 1038 τοῖο
712 957 871 1045 -ὶδωόμασι
891 954 935 1027 τά
956 963 1016 1045 μὲν
1037 963 1120 1027 θεῖα
1134 958 1255 1037 κάλλος

168 1066 278 1145 coloe
301 1068 475 1158 ἀμήχανον
496 1068 736 1160 ἀπαστράπτον,
766 1068 918 1156 θαύματι
939 1075 999 1155 μὲν
1019 1077 1158 1157 κατέχον
1179 1068 1255 1150 τούς

204 1181 361 1270 ὁρῶντας,
383 1185 568 1251 θεσπεσίων
590 1185 624 1250 δὲ
647 1180 853 1276 εὐφροσύνην
867 1180 1100 1272 παρεχόμενον,
1123 1178 1255 1269 ἀρρήτῳ

205 1296 240 1369 δὲ
254 1297 302 1383 τῇ
323 1298 508 1383 συμμετρίᾳ
530 1291 809 1386 ἀναφαινόμενον,
831 1293 1028 1386 ἐξῃρημένον
1049 1297 1084 1361 δὲ
1107 1293 1174 1361 ἀπό
1190 1300 1255 1363 τῶν

172 1425 188 1476 a
205 1401 315 1472 ἀλλων
338 1406 431 1472 aldais
452 1409 511 1486 τῆς
533 1404 730 1493 εὐπρεπείας.
774 1401 817 1472 τά
833 1408 867 1472 δὲ
881 1407 947 1472 τῶν
966 1403 1178 1491 ἀρχαγγέλων
1191 1433 1256 1494 μα-

205 1514 306 1604 κάρια
328 1513 487 1603 θεάματα
508 1524 663 1602 μέγιστον
690 1522 759 1603 μὲν.
772 1521 835 1604 ἔχει
862 1519 919 1584 καὶ
947 1513 1034 1582 aava
1059 1514 1098 1583 τό
1127 1518 1256 1596 κάλλος,

210 1625 251 1695 οὐ
274 1623 341 1712 μήν
358 1630 411 1695 »ότι
431 1653 468 1712 χε
490 1627 614 1713 ὁμοίως
628 1624 843 1717 ἀρρήτον-καὶ
858 1623 1067 1713 θαυμαστόν,
1089 1625 1197 1718 ὥσπερ
1217 1626 1256 1698 τό

156 1753 189 1807 12
207 1744 320 1807 θεῖον·
344 1737 387 1808 coi
411 1743 446 1807 δὲ
468 1743 534 1807 τῶν
548 1738 694 1825 ἀγγέλων
708 1743 868 1829 μεριστῶς
881 1735 946 1821 ήδη
961 1741 1079 1826 διαιρεῖ
1092 1736 1132 1806 τὸ
1146 1739 1257 1820 καλόν,

208 1847 288 1934 ὅπερ
311 1848 378 1918 ἀπό
401 1854 467 1918 τῶν
489 1849 700 1938 ἀρχαχχόλων
720 1853 948 1940 παραδέχεται
993 1845 1036 1916 κά
1051 1850 1208 1937 δαιμόνια
1223 1856 1258 1921 δὲ

207 1965 264 2029 καὶ
285 1957 328 2028 cd
350 1958 475 2051 ήρωικά
496 1956 677 2030 αὐτοπτικά
698 1959 869 2049 πνεύματα
883 1969 919 2029 ἐν
934 1961 1031 2030 εἴδεσι
1045 1966 1106 2049 μὲν
1120 1962 1257 2052 ὡρισμέ-

158 2094 191 2145 ts
208 2096 278 2151 νοις
300 2071 423 2159 ἔχειτὰ
444 2071 564 2152 κάλλος
585 2070 775 2163 ἀμφότερα,
804 2072 845 2141 ού
866 2073 933 2159 μήν
960 2074 1047 2140 ἀλλά
1075 2072 1113 2142 τό
1141 2081 1202 2161 μεν
1223 2083 1258 2146 ἐν

208 2181 320 2270 λόχοις
341 2195 412 2264 τοῖς
432 2181 492 2266 τήν
515 2185 634 2254 οὐσίαν
648 2183 845 2275 ἀφαρίζονσι
859 2187 1089 2272 διακοσμηθέν
1103 2194 1172 2254 ἐστι
1187 2191 1259 2254 δαι-

208 2292 339 2381 μόνιον,
367 2292 406 2362 τά
429 2295 459 2363 δ’
479 2292 739 2383 ἐπιδεικνύμενον
767 2292 828 2375 τήν
855 2294 995 2383 ἀνδρίαν
1022 2295 1171 2385 ἡρωικόν.
1218 2297 1259 2365 τά

159 2425 191 2476 18
210 2409 245 2474 δὲ
266 2412 331 2474 τῶν
353 2405 522 2495 ἀρχόντων
544 2410 615 2499 διχῇ
638 2404 829 2498 διῃρήσθω·
851 2402 894 2472 toi
908 2412 968 2492 μὲν
983 2405 1047 2494 χάρ
1063 2405 1259 2495 ἡγεμονικὸν

282 2596 305 2646 1.
331 2591 463 2664 μονάμως,
481 2592 507 2646 in
526 2613 602 2658 marg.
622 2594 653 2644 ab
672 2591 719 2644 alia
739 2612 826 2645 manu:
846 2592 864 2644 l.
882 2596 1000 2662 μονίμως
1017 2593 1050 2645 D.
1131 2597 1156 2647 2.
1182 2593 1259 2664 ‚jua-

280 2685 362 2750 ypira
381 2680 438 2733 AD.
510 2682 534 2734 5.
561 2685 618 2737 τοῖς
635 2679 670 2730 εἰσ
691 2678 769 2743 ccl),
787 2700 838 2731 orn.
852 2679 884 2732 0·
907 2673 919 2747 ΙΙ
941 2680 976 2731 τά
989 2684 1035 2748 μὲν
1046 2677 1122 2746 θεῖα]
1135 2679 1170 2732 sic
1180 2683 1260 2746 ael),

281 2766 313 2819 τό
331 2772 376 2836 μὲν
395 2772 471 2821 θεῖον
491 2767 524 2819 0.
605 2767 629 2818 ii.
656 2759 843 2836 ἀποστράπτει
859 2767 892 2817 D.
913 2759 926 2832 ΙΙ
947 2769 1055 2834 μετόχον
1073 2765 1149 2832 (corr.
1169 2789 1206 2839 pr.
1224 2790 1260 2821 rn.

281 2849 405 2919 κατέχον)
422 2854 454 2903 D.
528 2852 570 2904 17.
597 2847 721 2922 ἀνδρείαν
741 2851 797 2903 ΑΙ).

212 3030 360 3104 stantiaque
377 3030 406 3083 in
423 3048 453 3083 se
471 3029 539 3104 ipsis
556 3031 666 3085 veniunt
684 3031 711 3084 in
731 3039 916 3105 conspectum
934 3027 1029 3084 heroes
1048 3039 1075 3084 et
1087 3032 1170 3085 motui
1186 3031 1261 3088 obse·

212 3124 329 3190 qunntnr
353 3123 381 3170 et
403 3116 542 3171 mutationi
564 3115 674 3171 obnoxii
696 3126 771 3182 sunt3
793 3117 895 3170 animae
916 3113 1023 3171 heroica
1047 3125 1152 3192 spectra
1177 3138 1262 3174 aemu-

211 3198 308 3268 lantur,
328 3199 376 3255 sed
394 3202 496 3256 minora
514 3210 578 3257 sunt
594 3204 664 3258 istis.

281 3285 337 3342 Sed
353 3297 460 3364 praeter
476 3287 543 3343 baec
555 3308 628 3364 quae
646 3288 761 3344 diximus
779 3287 905 3343 idiomata
923 3287 962 3345 dii
973 3290 1052 3344 etiam
1063 3285 1261 3365 pulchritudine

212 3373 413 3450 incomparabili
425 3373 535 3450 fulgent,
553 3373 727 3431 admiratione
739 3383 891 3451 spectantes
904 3374 1030 3450 defigunt,
1049 3375 1167 3431 divinum
1179 3377 1261 3452 quod-

212 3459 273 3515 dam
290 3458 424 3536 instillant
441 3461 577 3536 gaudium,
600 3470 629 3515 et
645 3459 807 3516 ineffabilem
824 3465 1005 3536 symmetriam
1027 3482 1091 3539 prae
1114 3481 1144 3517 se
1165 3462 1262 3531 ferunt,

212 3546 332 3621 adeoque
349 3534 444 3601 eximia‘
462 3556 526 3602 sunt
543 3550 681 3603 maiestate
703 3556 734 3602 ut
756 3544 823 3601 nibil
846 3548 883 3601 sit
905 3567 939 3602 ex
963 3551 1034 3602 omni
1057 3547 1145 3605 isthoc
1168 3570 1262 3625 genere

212 3654 274 3690 cum
291 3634 324 3687 iis
343 3631 539 3688 conferendum.
587 3631 803 3708 archangelorum
820 3634 878 3688 visa
896 3632 972 3687 beata
989 3631 1089 3689 habent
1110 3636 1218 3712 quidem
1236 3648 1263 3694 et

212 3719 259 3775 illa
278 3737 399 3793 magnam
415 3716 649 3794 pulchritudinem,
669 3718 718 3774 sed
728 3738 789 3774 non
807 3721 844 3774 ita
862 3717 1044 3774 admirabilem
1055 3730 1082 3774 et
1094 3722 1261 3791 ineffabilem,

212 3815 243 3861 ut
260 3814 302 3860 est
320 3802 367 3858 illa
384 3802 501 3858 deorum.
550 3804 635 3880 angeli
653 3824 717 3861 vero
736 3803 822 3860 adhuc
840 3802 1021 3881 imperfectius
1037 3804 1263 3882 pulchritudinem

212 3892 383 3969 participant,
409 3910 488 3966 quam
506 3891 598 3967 utique
616 3890 649 3945 ab
667 3889 832 3966 archangelis
855 3900 1013 3947 mabuntur.
1061 3892 1218 3952 daemonum
1236 3907 1264 3952 et

214 3978 325 4033 heroum
343 3979 455 4054 spiritus
472 3997 521 4055 per
538 3997 568 4032 se
580 3986 738 4054 apparentes
750 3979 778 4032 iu
790 3979 930 4055 speciebus
943 3981 1025 4035 certis
1036 3979 1262 4058 pulchritudinem

214 4063 356 4142 possident
374 4067 487 4140 utrique,
506 4063 554 4120 scd
572 4063 713 4120 daemones
732 4065 877 4121 secundum
895 4068 1012 4122 rationes
1024 4069 1166 4123 essentiam
1179 4066 1263 4122 deter-

216 4153 346 4207 minantes
364 4150 478 4228 pulchri,
497 4149 537 4207 illi
556 4153 602 4228 qui
620 4151 729 4229 insuper
746 4151 928 4210 fortitudinem
940 4162 1075 4209 ostentant
1086 4151 1180 4207 heroes
1192 4163 1262 4209 sunt.

218 4237 376 4294 archontum
394 4240 505 4316 spiritus
529 4238 672 4317 dupliciter
694 4238 922 4318 dividipossunt,
947 4239 1020 4296 ethi
1042 4239 1149 4314 quidem
1165 4241 1263 4316 princi·
