2776 4876
215 323 268 386 t‚t
1224 328 1276 383 199

216 482 357 558 ἕστηκεν.
398 477 550 564 οὐδαμῶς
572 474 639 566 ἀρα
661 474 700 546 τό
724 482 823 547 θεῖον
844 484 900 547 καὶ
922 476 1005 548 ὅσον
1027 483 1116 550 ἐστὶν
1135 479 1274 568 ἀγαθὸν

215 586 389 673 δαιμόνιον
420 587 572 679 ὑπηρετεῖ
605 601 678 669 ταῖς
705 590 914 680 παρανόμοις
942 599 987 670 είς
1015 589 1056 658 τά
1086 591 1271 684 ἀφροδίσια

179 701 279 769 troia
302 697 493 789 ἀνθρώπων
515 704 717 787 ἐπιθυμίαις,
746 703 859 785 ἐπειδὴ
885 709 1028 797 πέφυκεν
1051 703 1161 781 αὐτῶν
1184 699 1271 774 ἀλλα

213 811 304 879 αίτια
324 808 434 879 πολλά
454 809 656 901 ὑπάρχοντα.

178 1307 194 1356 5
271 1351 272 1354 ,
294 1277 335 1348 Ὃ
355 1285 467 1348 τοίνυν
488 1279 629 1363 πόντων,
653 1283 696 1361 ὡς
714 1287 792 1361 ἔπος
810 1291 919 1365 εἰπεῖν,
942 1283 1133 1372 ἀνθρώπων
1149 1289 1214 1353 τῶν
1230 1311 1265 1354 τε
1283 1285 1347 1368 5,l

212 1402 247 1463 ἐν
269 1395 403 1478 παιδείᾳ
426 1390 664 1482 διατριβόντων
685 1399 741 1462 καὶ
763 1399 830 1462 τῶν
851 1395 1071 1486 ἀπειροτέρων
1085 1400 1144 1478 τῆς
1160 1403 1196 1464 ὲν
1211 1396 1266 1464 λό-

211 1530 282 1589 γοις
302 1507 438 1590 μελέτης
459 1502 572 1571 κοινόν
596 1511 665 1572 ἐστι
687 1503 831 1592 ζήτημα,
860 1507 996 1594 ἀπορεῖς
1017 1511 1102 1574 κατά
1128 1504 1167 1574 τό
1190 1531 1267 1574 συν-

176 1636 193 1686 8
212 1621 279 1705 εχὲς
300 1613 338 1682 τό
361 1620 435 1703 περὶ
457 1619 587 1684 θυσιῶν
609 1620 700 1702 λέγω,
724 1622 798 1683 τίνα
822 1622 929 1705 ἔχουσι
950 1624 1065 1705 χρείαν
1088 1613 1110 1697 τ’)
1124 1616 1267 1704 δύναμιν

211 1735 246 1794 ἐν
267 1731 312 1812 τῷ
333 1731 433 1794 παντὶ
454 1731 511 1793 καὶ
532 1724 626 1815 παρά
647 1740 717 1805 τοῖς
739 1732 849 1808 θεοῖς,
878 1728 966 1806 τίνος
995 1730 1024 1794 δ’
1045 1736 1138 1795 ἕνεκα
1166 1727 1268 1814 λόγου

175 1850 193 1876 “’
209 1835 409 1929 προσφόρως
436 1842 496 1923 μὲν
524 1849 595 1916 τοῖς
622 1844 829 1925 τιμωμένοις,
863 1839 1035 1928 ὠφελίμως
1062 1844 1097 1907 δὲ
1125 1853 1195 1918 τοῖς
1223 1835 1268 1906 τά

158 1968 188 2018 11
209 1953 299 2039 δῶρα
310 1948 537 2038 προσάγουσιν
554 1953 785 2018 ἐπιτελοῦνται.
808 1949 963 2037 πρόσεστι
976 1955 1010 2018 δὲ
1022 1947 1063 2032 δὴ
1075 1951 1201 2018 αὐτόθι
1211 1955 1268 2019 καὶ

209 2058 294 2143 ἀλλη
316 2088 365 2140 τις
387 2065 576 2138 ἐναντίωσις
591 2060 612 2142 ἡ
628 2057 696 2127 ἀπὸ
712 2065 771 2128 τοι)
787 2066 864 2138 τοῦς
878 2061 1054 2152 ὑποφήτας
1075 2061 1265 2149 ἀπέχεσθαι

209 2175 278 2240 δεῖν
299 2171 462 2261 ἐμψύχων,
485 2177 540 2239 ἵνα
563 2168 609 2257 μὴ
626 2177 657 2239 oi
672 2174 751 2238 θεοὶ
769 2185 838 2250 τοῖς
852 2171 919 2238 ἀπὸ
935 2171 1024 2253 ζιόων
1039 2173 1157 2257 ἀτμοῖς
1169 2179 1266 2261 χραί-

158 2308 191 2359 14
207 2306 345 2353 νωυται·
368 2283 520 2351 ἐναντίον
541 2279 606 2373 γάρ
629 2280 671 2364 δὴ
694 2287 793 2350 τοῦτο
808 2287 855 2369 τῷ
871 2281 991 2362 αὐτοὺς
1006 2296 1076 2361 τοῖς
1091 2281 1159 2350 ἀπὸ
1174 2282 1265 2364 ζοίων

211 2397 329 2483 ἀτμοῖς
350 2393 495 2482 μάλιστα
520 2393 746 2475 ὃελεάζεσθαι.

279 2641 304 2690 2.
323 2635 489 2709 ὑπερετεῖῦ.
562 2640 586 2691 3.
615 2639 726 2707 πέφηνεν
740 2639 770 2690 Α.
843 2637 867 2689 6.
887 2638 982 2688 παιδία
995 2637 1028 2688 D.
1100 2640 1126 2690 8.
1145 2633 1263 2702 λχοσιῐ).

278 2726 376 2777 8-11.
402 2723 444 2774 bia
456 2724 525 2776 loeus
536 2723 563 2775 in
576 2723 679 2794 epistola
693 2723 865 2796 porphyriana
877 2721 1006 2776 omittitur.
1062 2726 1086 2776 9.
1105 2717 1144 2788 δ’]
1157 2742 1186 2774 τε
1197 2714 1264 2772 Ἀθ.

280 2812 320 2864 10.
348 2813 393 2878 μὲν
411 2807 482 2875 τοῖς]
510 2814 557 2878 μὲν
574 2811 622 2878 τῆς
648 2809 677 2862 C.
852 2812 894 2864 14.
922 2807 970 2880 δη]
997 2811 1032 2862 sic
1052 2809 1131 2874 ACD,
1158 2827 1209 2861 om.
1229 2806 1263 2860 0.

282 2899 322 2949 ts.
351 2893 527 2963 δηλιάζεσθαι
546 2896 578 2949 0.

208 3174 320 3232 lienibus
339 3175 426 3231 causis
446 3184 554 3231 remota.
600 3173 674 3230 nullo
693 3177 774 3250 igitur
791 3175 872 3231 mado
891 3185 936 3231 aut
947 3175 986 3231 dii
998 3182 1044 3229 aut
1055 3180 1189 3248 quotquot
1198 3170 1264 3226 bani

208 3271 272 3318 sunt
289 3261 431 3317 mentones
449 3259 596 3338 illegitimis
614 3259 751 3316 hominum
772 3261 806 3317 ad
824 3280 948 3317 venerem
971 3258 1163 3338 cupiditatibus
1180 3259 1265 3313 inser·

207 3349 291 3416 viunt,
311 3350 437 3424 quoniam
454 3346 548 3403 harum
565 3366 654 3403 rerum
672 3366 768 3403 causae
786 3349 904 3404 existunt
922 3345 988 3402 aliae
1007 3342 1113 3400 multae

278 3589 407 3665 Sequitur
423 3593 476 3647 iam
493 3592 614 3666 quaestio
633 3591 666 3645 ab
685 3590 808 3648 omnibus
826 3599 856 3646 ut
874 3589 963 3645 dicere
980 3608 1043 3645 vere
1055 3586 1149 3643 vidaon
1165 3588 1260 3663 agitata
1283 3590 1299 3648 l

206 3675 361 3731 hominibus
379 3685 432 3731 um
451 3676 539 3733 doctis
558 3697 637 3752 quam
654 3677 781 3743 indoctis,
800 3676 834 3730 de
851 3676 1044 3730 sacrificiorum
1056 3676 1171 3751 negotio.
1216 3672 1264 3729 du·

207 3764 279 3819 bitus
298 3762 368 3817 enim
387 3762 415 3817 in
433 3763 616 3836 sequentibus,
639 3784 717 3840 quem
735 3780 812 3818 usum
831 3781 910 3836 quam
927 3764 982 3819 vim
999 3761 1115 3817 habeant
1131 3759 1262 3816 sacrificia

208 3853 235 3906 in
258 3848 357 3904 mundo
381 3856 408 3903 et
426 3846 497 3925 apud
519 3868 645 3926 superas,
668 3869 754 3924 quave
774 3846 883 3903 tandem
905 3850 1009 3904 ratione
1031 3858 1077 3904 aut
1098 3847 1133 3904 ad
1150 3847 1262 3903 deorum

208 3938 254 4011 qui
273 3934 398 3992 coluntur
416 3932 545 3990 honorem
562 3944 633 4012 apte,
652 3943 698 3989 aut
715 3931 750 3989 ad
767 3951 860 3988 eorum
879 3935 924 4008 qui
943 3933 1021 3991 donis
1039 3936 1096 3991 suis
1108 3954 1156 3990 ens
1169 3931 1262 3989 colunt

208 4021 351 4079 utilitatem
363 4022 437 4079 liant.
481 4019 530 4077 sed
549 4030 576 4076 et
593 4019 644 4076 alia
656 4018 757 4076 ibidem
769 4018 885 4074 obiectio
898 4023 1023 4090 occurrit,
1042 4020 1115 4097 quod
1127 4018 1260 4076 antistites

209 4117 333 4185 oporteat
350 4109 383 4164 ab
402 4106 561 4164 animalibus
573 4106 716 4173 abstinere,
736 4125 770 4162 ne
782 4105 821 4161 dii
831 4106 976 4184 vaporibus
988 4109 1022 4164 ab
1033 4104 1191 4163 animalibus
1203 4099 1261 4180 pol·

209 4193 324 4264 luuntur,
344 4215 405 4252 eum
422 4194 461 4251 dii
479 4191 631 4251 animalium
649 4193 789 4250 nidoribus
806 4191 848 4249 val
866 4195 980 4262 maxime
998 4192 1152 4250 illiciantur.
1184 4189 1186 4192 ’
