2776 4876
543 339 676 399 Praelatio
695 339 816 398 editoris.
1161 355 1205 397 vir

229 504 326 567 Hunc
348 499 491 566 codicem
515 501 591 567 olim
606 504 640 566 in
663 524 755 567 usum
770 499 926 566 Friderici
944 498 1100 565 Creuzeri
1120 524 1151 565 v.
1167 523 1202 581 n,

142 636 257 679 novam
279 612 453 679 Jamblichi
481 612 656 680 editionem
684 616 842 699 parantis,
872 615 1010 678 excussit
1034 611 1200 701 Georgius

141 729 300 792 Henricus
323 727 490 805 himerus,
521 748 630 792 mense
660 725 765 812 Aprili
790 729 885 791 1810.
930 733 1100 810 praeterea
1121 727 1202 790 Lec-

141 841 281 903 mansius
304 841 479 925 scripturae
502 842 665 928 specimen
693 858 789 903 manu
810 859 869 901 sua
890 840 1126 901 accuratissime
1147 835 1201 902 de·

142 950 294 1014 lineatum
309 973 432 1016 mecum
448 952 700 1028 communicavit,
724 961 757 1014 et
768 947 870 1014 dubia
890 948 1045 1036 quaedam
1062 948 1102 1014 de
1118 970 1201 1014 non-

141 1060 239 1126 nullis
263 1061 383 1127 codicis
405 1063 600 1128 lectionibus
623 1061 853 1149 benignissime
877 1061 983 1128 solvit.

230 1171 316 1243 0:
330 1174 433 1240 codex
444 1175 719 1241 vindobonensis.
749 1172 874 1238 Nessel.
898 1193 1017 1238 cccxiv.
1051 1173 1198 1238 Lambec.

140 1308 243 1351 cxxvi.
280 1310 373 1371 quem
402 1291 478 1352 item
507 1291 541 1353 in
572 1310 664 1353 usum
689 1285 846 1352 Creuzeri
872 1287 1030 1371 excerpsit
1051 1286 1198 1350 Joannes

141 1401 298 1463 Henricus
322 1398 525 1465 Christianus
548 1397 755 1477 Schubartus,
779 1421 807 1462 a.
833 1399 928 1477 1826,
957 1407 1053 1482 atque
1075 1402 1121 1460 ita
1143 1396 1198 1462 de-

141 1512 279 1596 scripsit:
302 1513 386 1590 „Est
402 1512 596 1589 chartaceus,
612 1512 689 1575 satis
704 1508 806 1574 nitide
821 1512 968 1596 scriptus,
985 1507 1087 1574 forma
1102 1531 1197 1595 quam

141 1631 259 1686 vocant
274 1636 427 1708 quartam.
466 1622 692 1709 complectitur
707 1623 875 1709 octoginta
898 1631 974 1686 octo
991 1619 1078 1685 lolia.
1116 1623 1199 1687 Nes·

141 1733 221 1798 selio
237 1732 328 1800 audit
343 1736 445 1801 codex
460 1737 566 1801 bonae
582 1744 689 1813 uotae,
712 1755 774 1798 nec
787 1735 960 1808 immerito;
983 1732 1098 1798 multas
1113 1735 1197 1799 enim

141 1849 288 1934 egregiam
311 1848 412 1913 oflert
432 1847 598 1913 lectiones.
643 1867 710 1910 non
739 1846 836 1932 longe
865 1843 993 1930 quidem
1023 1855 1098 1910 ante
1121 1848 1197 1911 artis

140 1959 394 2045 typographicae
416 1958 610 2024 incunabula
632 1957 785 2023 recedere
800 1956 938 2038 videtur,
960 1957 1047 2043 quod
1063 1980 1081 2022 e
1096 1957 1197 2024 doctu

140 2068 304 2134 literarum
326 2082 358 2135 et
381 2070 541 2136 scribendi
564 2069 762 2156 compendiis
785 2069 916 2157 colligo,
945 2091 1029 2154 quae
1051 2075 1195 2157 proxime

140 2181 297 2246 accedunt
319 2182 360 2247 ad
383 2205 429 2262 ea,
454 2205 535 2269 quae
558 2186 592 2248 in
615 2185 842 2269 antiquissimis
858 2185 1019 2268 impressis
1033 2183 1193 2260 ridemus3

141 2303 173 2357 at
187 2305 276 2359 certe
298 2316 315 2358 e
338 2296 426 2360 bono
443 2295 615 2381 exemplari
631 2295 811 2381 descriptus
832 2303 890 2358 est.
935 2294 1096 2360 scribendi
1111 2317 1196 2360 com-

140 2405 259 2491 pendia
287 2407 366 2471 haec
394 2409 583 2493 praeprimis
614 2405 777 2471 enotanda
805 2408 932 2492 putavi:
960 2401 1054 2484 W,
1082 2405 1196 2481 &We

140 2516 196 2581 rel.
220 2539 281 2604 pro
303 2513 487 2603 ἄνθρωπος
510 2540 580 2582 cum
604 2521 805 2603 compositis3
829 2515 917 2595 ὀπῖὸξ,
941 2516 1031 2595 doch}
1053 2540 1114 2604 pro
1136 2516 1195 2584 οὐ·
1274 2548 1278 2555 ’

140 2625 251 2713 parde,
274 2626 445 2714 οὐράνιοςς
472 2632 550 2708 oria,
571 2633 685 2704 Mo}
711 2652 772 2716 pro
794 2630 933 2712 πνεῦμα,
960 2627 1193 2716 occupatorem

140 2740 192 2824 u,
215 2744 306 2824 π-ρῑς,
328 2744 391 2825 aa
412 2762 474 2827 pro
497 2736 607 2827 πατὴρ
629 2752 705 2819 ceo
729 2744 779 2823 a,
802 2743 878 2824 aaa
900 2763 962 2828 pro
985 2738 1104 2828 σωτήρ,
1130 2761 1194 2806 σω-

139 2855 247 2940 τηρία.
290 2855 508 2939 interpunctio
533 2856 665 2919 omnino
688 2864 738 2918 est
758 2853 916 2942 neglecta,
939 2877 1039 2939 qnare
1054 2858 1124 2919 eius
1138 2875 1194 2917 va-

140 2969 283 3030 rietatem
306 2985 374 3030 non
389 2969 534 3041 enotavi;
557 2965 679 3031 nullum
695 2965 783 3030 aliud
798 2969 881 3030 enim
898 2970 1039 3032 occurrit
1060 2969 1193 3054 signum,

141 3100 232 3164 quam
255 3088 409 3164 punctum
433 3077 538 3156 finale,
568 3076 656 3163 quod
677 3098 812 3162 prorsus
838 3100 901 3163 pro
924 3077 1029 3143 lubitu
1051 3081 1194 3164 ponitur,

140 3211 200 3259 nec
222 3188 291 3254 ullo
308 3210 421 3253 sensus
436 3201 587 3276 respectu
602 3189 721 3254 habito.
768 3192 862 3254 etiam
880 3194 914 3254 in
930 3184 1113 3255 accentibus
1128 3187 1195 3252 col-

141 3299 285 3365 locandis
307 3323 423 3390 magna
445 3312 495 3366 est
517 3300 731 3390 negligentia3
760 3306 948 3388 praesertim
975 3301 1194 3367 circumflexus

141 3433 236 3498 saepe
260 3417 418 3477 omittitur
440 3413 491 3477 vel
514 3417 547 3478 in
571 3414 666 3478 aliurn
689 3425 837 3480 mutatur.
882 3419 949 3480 iota
978 3414 1193 3498 subscriptum

141 3546 302 3610 nunquam
325 3525 394 3590 iere
416 3529 594 3602 invenitur3
617 3551 629 3591 ι
651 3539 683 3591 et
705 3551 725 3592 o
748 3549 874 3613 semper
888 3525 1049 3612 punctulis
1065 3525 1194 3590 duobus

140 3646 304 3702 notantur.
350 3638 538 3722 quibusdam
562 3637 642 3703 locis
665 3638 766 3704 codex
794 3648 843 3702 est
864 3638 1008 3718 mutilus,
1040 3650 1073 3703 et
1094 3641 1195 3703 inter-

140 3748 259 3813 vallum
274 3773 409 3816 vacuum
425 3750 618 3835 relinquitur
632 3750 768 3815 vocibus
785 3752 919 3816 omissis.
963 3751 1064 3816 multa
1080 3763 1201 3816 contra*

141 3860 245 3940 habet,
269 3885 352 3947 quae
375 3867 408 3928 in
432 3862 575 3928 editione
599 3864 742 3928 Thomae
759 3862 842 3928 Gale
864 3863 1044 3929 Oroniensi
1067 3864 1194 3929 desunt.

142 3984 282 4040 ceterum
305 3974 469 4041 librarium
491 3975 594 4040 literis
616 3997 684 4040 non
708 3973 877 4041 admodum
906 3978 1027 4043 cultum
1056 3978 1195 4042 luissee

141 4087 303 4152 scribendi
326 4088 515 4175 quibusdam
530 4088 652 4178 colligo
667 4091 832 4156 erroribus
847 4093 881 4155 in
896 4092 994 4156 rebus
1014 4092 1195 4168 notissimis,
