2776 4876
212 329 283 392 &26
707 326 710 331 ’
1217 330 1268 383 159

213 485 271 562 τῆς
300 486 335 547 ὲν
364 479 444 567 ημῖν
478 481 683 570 φρονήσεως·
718 486 773 548 καὶ
808 480 850 547 τὰ
883 488 943 568 μὲν
979 490 1066 550 ἐστιν
1094 490 1129 549 ἐν
1163 488 1268 572 τροπῇ

214 591 256 659 τοὶ
278 590 307 658 δ’
328 587 489 681 ἄτρεπτα·
518 597 574 660 καὶ
598 589 638 658 τά
659 598 719 678 μὲν
741 590 833 681 παρὰ
862 592 961 684 φύσιν
984 591 1025 660 τά
1048 594 1078 659 δ’
1097 593 1176 683 ὑπὲρ
1205 591 1266 676 τὴν

178 701 329 794 sptem
351 707 408 770 καὶ
428 699 472 771 τά
493 709 553 791 μὲν
574 700 752 791 καταγωγαὶ
774 708 882 792 ψυχῆς
904 701 946 770 τά
961 708 996 772 δὲ
1012 703 1186 791 ἀναγωγά·
1210 711 1266 772 καὶ

212 811 260 881 τά·
275 819 336 900 μὲν
358 816 521 896 διίστησιν
544 817 603 898 ἔξω
631 815 825 884 παντάπασι
853 821 911 898 τῆς
940 820 1040 892 θείας
1061 821 1195 902 μοίρας,
1224 815 1265 882 τά

212 928 246 992 δὲ
270 921 353 1014 πρὸς
376 924 480 1008 αὐτὴν
503 925 668 995 συνάπτει.

167 1057 194 1117 ,6
299 1031 362 1105 Διά
385 1041 417 1103 τί
440 1034 481 1120 δὴ
504 1031 564 1107 οὖν
585 1044 746 1108 τοσοῦτον
768 1037 947 1130 ἀπεσφάλη
963 1038 982 1105 ὁ
998 1037 1096 1123 λόγος
1111 1042 1170 1120 τῆς
1184 1064 1264 1128 προ-

211 1154 358 1234 κειμένης
377 1148 578 1231 ὑποθέσεως,
601 1149 644 1229 ὡς
666 1155 719 1218 ἐπὶ
741 1153 786 1224 τά
806 1154 928 1239 ἔσχατα
943 1153 1190 1240 παρενεχθῆναι
1207 1154 1265 1232 τῆς

211 1264 334 1345 μανίας
357 1255 443 1326 κακά
467 1257 534 1329 ἀπὸ
557 1266 621 1328 τῶν
643 1267 808 1350 πρωτείων
830 1266 886 1328 καὶ
907 1261 1067 1348 άγαθῶν;
1091 1266 1123 1328 τί
1143 1259 1206 1351 γὰρ
1222 1259 1263 1344 δὴ

178 1381 285 1450 θεαῖς
306 1375 540 1459 μελαγχολίαις
563 1369 584 1455 ἢ
605 1378 730 1460 μέθαις
752 1369 774 1456 ἢ
796 1383 868 1452 ταῖς
891 1371 1006 1452 άλλαις
1029 1382 1101 1453 ταῖς
1123 1370 1265 1441 ἀπὸτοῦ

211 1479 364 1567 σώματος
393 1489 614 1570 ἐγειρομένους
639 1496 851 1572 παρακοπαῖς
877 1490 1067 1571 προσέοικεν
1096 1483 1114 1552 ὁ
1143 1491 1265 1553 ὲνθου·
1353 1576 1356 1583 Δ

211 1591 368 1679 σιασμόςς
391 1599 441 1674 τίς
463 1594 493 1662 δ’
512 1590 555 1663 cio
577 1600 718 1682 μαντεία
741 1601 819 1664 ποτὲ
842 1601 1008 1682 ἐγγένοιτο
1030 1595 1097 1663 άπὸ
1122 1600 1185 1663 τῶν
1208 1621 1264 1663 υο-

159 1715 192 1766 12
212 1702 368 1790 σημάτων
397 1709 457 1773 τοῦ
485 1704 653 1793 σώματοςς
687 1706 746 1793 οὐχ
774 1706 796 1790 ἡ
825 1712 885 1792 μὲν
913 1704 1049 1787 τοιαύτη
1083 1703 1264 1795 παραγωγὴ

210 1812 391 1908 διαφθορὰ
411 1818 574 1900 παντελής
596 1826 693 1899 ἐστιν,
721 1817 741 1900 ἡ
767 1822 801 1886 δὲ
824 1822 996 1908 θεοφορλα
1018 1816 1180 1900 τελειότης
1208 1823 1265 1887 καὶ

210 1931 357 2016 σωτηρία
379 1932 438 2010 τῆς
452 1932 576 2019 ψυχῆςς
601 1929 641 1996 οὐ
655 1929 727 1997 κατ’
745 1929 927 1997 ἀσθένειαν
941 1934 1001 2014 μὲν
1016 1928 1038 2011 ἡ
1054 1927 1166 2020 φαύλη
1182 1952 1264 2015 συμ-

159 2054 192 2103 15
210 2042 327 2120 πίπτει,
343 2039 431 2107 κατά
441 2038 610 2128 πλήρωσιν
619 2043 654 2107 δὲ
666 2040 833 2127 δυνάμεως
848 2040 1034 2125 ἡβελτλωνς
1050 2041 1094 2119 ὡς
1108 2041 1138 2106 δ’
1153 2041 1265 2119 ἁπλῶς

210 2155 310 2217 ελπεῖν
325 2149 346 2232 ἡ
361 2155 422 2237 μὲν
436 2149 647 2239 ἡσυχάζοντα
667 2147 754 2217 κατὰ
778 2147 838 2232 την
861 2156 992 2226 οἰκείαν,
1007 2149 1092 2233 ζωὴν
1113 2156 1169 2219 καὶ
1186 2151 1263 2220 σάν-

211 2281 279 2327 εσιν
299 2267 399 2353 έτλρῳ
420 2265 626 2351 παραδίδωσι
649 2258 710 2342 τὴν
731 2264 849 2342 ἑαυτῆς
866 2267 993 2350 χρῆσιν,
1023 2262 1043 2344 ἡ
1073 2266 1108 2330 δὲ
1136 2259 1196 2341 τάς
1214 2269 1262 2330 ολ-

158 2381 191 2434 1s
208 2374 297 2449 κελας
320 2378 482 2460 ἐνεργείας
503 2376 681 2461 ὲνεργουσα
698 2371 838 2439 κάκιστα
851 2376 907 2440 καὶ
924 2376 1126 2459 θορυβωδῶς
1141 2371 1263 2450 ταύτας

209 2479 401 2550 ἀποδίδωσι.

282 2618 306 2667 3.
335 2608 475 2684 άναγωγά]
500 2609 592 2684 ἆγωγά
619 2615 653 2667 D.
814 2616 838 2666 8.
874 2614 983 2687 πρώτων
1009 2615 1043 2678 Β,
1076 2617 1205 2688 προτελων
1228 2616 1262 2668 D.

281 2701 381 2752 11.12.
413 2697 585 2770 νοσημάτων]
612 2698 735 2771 δημάτωυ
760 2698 817 2763 ΑΟ,
853 2700 983 2772 σωμάτων
1008 2702 1046 2764 D,
1082 2700 1207 2770 σημάτων
1231 2703 1261 2754 B.

215 2786 216 2790 ¹
279 2787 321 2838 18.
348 2790 479 2846 κακίστως
498 2784 562 2839 Gale
581 2801 631 2838 not.
664 2780 676 2855 ΙΙ
708 2784 884 2858 θορυβωδῶς]
904 2789 949 2849 „In
968 2788 1018 2839 Mo.
1044 2786 1216 2860 θορυβώδους
1239 2803 1262 2840 et

279 2873 342 2924 forte
356 2872 401 2937 leg.
421 2871 563 2932 κακίστας“
581 2872 616 2924 sic
633 2872 748 2924 Moserus
767 2873 856 2939 legerat
873 2893 940 2926 anno
960 2875 1029 2927 1810
1047 2873 1074 2925 in
1092 2875 1202 2941 margine
1220 2895 1262 2927 co-

278 2957 340 3009 (licis
358 2957 389 3020 B,
412 2972 601 3026 ceperanum,
627 2978 694 3010 anno
715 2959 790 3020 1855,
809 2959 982 3014 Lecmansius:
1002 2961 1051 3022 „ln
1069 2960 1118 3012 Ma.
1138 2960 1262 3030 θορυβά-

279 3045 328 3096 δου
346 3058 391 3097 etc.
408 3045 473 3095 forte
492 3045 535 3108 leg.
557 3045 689 3097 κακλ....“

208 3154 352 3212 luminibus
370 3159 554 3235 superioribus
568 3160 641 3214 omni
654 3168 745 3214 nostra
757 3160 900 3236 sapientia3
919 3157 965 3214 illa
977 3155 1110 3213 instabilis
1123 3157 1188 3214 baec
1201 3178 1262 3213 con-

208 3251 297 3308 stans,
321 3240 365 3297 illa
384 3253 477 3300 contra
496 3245 561 3302 baec
579 3266 661 3324 supra
679 3253 812 3312 naturam,
838 3244 884 3300 illa
902 3246 1016 3300 animam
1035 3244 1113 3319 erigit
1132 3243 1197 3300 baec
1216 3263 1262 3321 op·

206 3329 307 3405 primit,
326 3326 373 3386 illa
392 3340 466 3387 extra
485 3330 603 3388 divinam
619 3334 772 3410 portionem
790 3330 923 3387 exorbitat
940 3348 1061 3407 prorsus,
1079 3327 1145 3384 baec
1158 3328 1192 3384 ad
1204 3348 1262 3410 eam

207 3415 395 3472 accommodat.
992 3417 993 3421 ’

279 3501 354 3574 Quid
372 3511 414 3557 est
431 3503 524 3578 igitur,
548 3505 643 3572 miror,
667 3502 741 3580 quod
757 3502 836 3559 buius
860 3503 996 3580 opinionis
1019 3520 1107 3556 sermo
1125 3519 1158 3555 eo
1177 3519 1261 3574 usque

206 3594 331 3662 evagatus
350 3583 438 3654 firerit,
461 3597 491 3642 ut
509 3609 524 3642 a
541 3591 635 3666 primis
654 3599 681 3646 et
698 3588 778 3647 bonis
796 3587 832 3644 ad
848 3586 917 3647 mala
935 3588 1053 3643 insaniae
1076 3596 1193 3642 extrema
1216 3585 1262 3641 de·

205 3671 343 3728 flecteret?
371 3691 422 3746 qua
440 3681 528 3729 autem
545 3676 622 3739 inre
640 3675 746 3731 divinus
764 3684 856 3751 raptus
875 3674 1001 3730 convenit
1013 3693 1073 3728 cum
1085 3670 1261 3728 melancholia

206 3768 251 3814 aut
260 3757 388 3813 ebrietate
398 3765 443 3812 aut
451 3755 511 3814 aliis
523 3780 538 3814 a
551 3780 664 3838 corpore
676 3759 850 3817 bullientibus
862 3758 1123 3836 perturbationibus?
1135 3768 1181 3813 aut
1192 3779 1261 3835 quse

206 3844 315 3903 tandem
332 3844 486 3900 vaticinatio
506 3847 571 3901 oriri
593 3856 688 3924 posset
705 3868 720 3901 a
739 3847 861 3923 corporis
884 3844 1002 3900 morbis?
1029 3865 1117 3901 annon
1140 3846 1193 3902 ista
1216 3844 1260 3900 de·

206 3934 291 3989 torsio
310 3932 419 3987 omnino
438 3931 540 3986 animae
558 3929 709 4008 corruptela
728 3941 781 3998 est,
804 3931 910 3987 divinus
933 3950 997 3987 vero
1020 3932 1164 3987 instinctus
1188 3929 1260 3986 salus

207 4028 234 4075 et
251 4016 399 4095 perfectio?
444 4036 532 4072 aunon
550 4037 632 4095 prava
651 4018 764 4073 ecstasis
782 4038 815 4075 ex
832 4016 984 4073 infirmitate
1003 4020 1146 4095 continget,
1164 4015 1260 4071 melior

206 4114 294 4161 autem
312 4125 345 4160 ex
362 4102 530 4182 plenitudine
547 4101 739 4180 perfectionis?
766 4112 796 4157 ut
812 4103 895 4159 verbo
914 4103 1001 4180 (licam
1019 4102 1084 4159 baec
1098 4102 1205 4179 quidem
1216 4123 1260 4156 va-

207 4209 270 4246 cans
285 4185 432 4247 secundum
445 4191 583 4267 propriam
594 4191 676 4246 vitam
690 4197 717 4244 et
725 4187 926 4265 intelligentiam
935 4190 1069 4267 superiori
1083 4209 1113 4244 se
1127 4187 1173 4242 dat
1186 4197 1260 4244 uten-

207 4274 275 4345 dam,
286 4275 331 4332 illa
340 4277 465 4354 proprias
475 4277 645 4353 operationes
656 4294 770 4353 operans
779 4295 824 4332 eas
833 4275 889 4333 edit
897 4294 1038 4353 perversas
1048 4283 1075 4331 et
1084 4271 1258 4331 turbulentas.
