2776 4876
187 338 266 404 5‚1e
797 312 802 319 ’
1213 343 1267 396 εει

208 499 239 560 οἱ
263 495 297 560 δὲ
320 489 406 559 κατὰ
429 497 511 559 νοῦν
532 491 638 577 μόνον
660 497 716 558 καὶ
738 491 799 574 τὴν
828 481 973 560 τοῦνοῦ
1000 493 1085 576 ζωὴν
1107 496 1166 562 τάν
1187 500 1265 582 βίον

207 601 385 689 διάγοντες,
399 607 465 669 τῶν
481 607 515 670 δὲ
529 606 590 685 τῆς
605 601 732 695 φάσεως
748 607 877 690 δεσμῶν
892 604 1127 685 ἀπολυθέντες,
1148 603 1265 694 νοερόν

171 718 262 781 exal
285 712 464 799 ἀσώματον
486 718 650 803 ἱερατικῆς
672 711 806 800 θεσμόν
828 718 1042 802 διαμελετῦσι
1061 720 1139 803 περὶ
1154 716 1265 785 πάντα

206 829 267 906 τῆς
289 828 470 915 θεουρχλας
491 824 534 894 τά
555 833 647 917 μέρη.
695 832 727 894 οἱ
756 829 790 893 δὲ
819 834 914 912 μέσοι
936 827 1062 896 τούτων
1089 823 1177 895 ιιατά
1203 827 1265 908 ede

207 932 373 1029 διαφοράς
395 941 454 1020 τῆς
476 935 601 1026 μεταξὺ
620 935 803 1025 μεσότητος
825 942 881 1004 καὶ
902 933 963 1016 τάς
985 932 1084 1016 ὁδοάς
1098 943 1157 1022 τῆς
1171 938 1266 1023 ἀγισ·

172 1067 188 1118 e
207 1053 297 1127 τείας
319 1047 502 1140 διαφόρους
525 1050 746 1130 διαπονοῦσιν,
768 1044 843 1130 ἤτοι
856 1053 1047 1137 μετέχοντες
1065 1050 1265 1142 ἀμφοτέρων

208 1159 426 1250 τῶντρόπων
450 1165 509 1242 τῆς
537 1163 735 1248 θρησκείας,
762 1158 785 1239 ἢ
806 1163 867 1227 τοῦ
895 1165 955 1246 μὲν
977 1160 1215 1252 ἀφιστάμενοι,
1242 1158 1267 1244 ἢ

208 1271 252 1350 ὡς
279 1269 446 1341 ὑπόθεσιν
475 1270 562 1339 αὑτά
590 1269 819 1358 λαμβάνοντες
848 1275 914 1338 τῶν
941 1281 1138 1358 τιμιωτέραν
1168 1268 1267 1352 (ἀνευ

173 1381 272 1472 υχάρ
295 1383 404 1451 αὑτῶν
427 1383 486 1450 οὑκ
508 1380 551 1450 ἀν
572 1407 651 1450 ποτε
677 1389 899 1470 παραγένοιτο
926 1380 969 1450 τά
997 1384 1217 1472 ὑπερέχοντα)
1244 1381 1267 1467 ἢ
1356 1380 1375 1421 ’·

207 1490 320 1572 ἀλλοις
336 1493 456 1561 οὑτωσὶ
477 1492 774 1581 μεταχειριζόμενοι
795 1491 881 1560 αὑτά
903 1494 1051 1573 δεόντως.

298 1609 386 1694 Περὶ
407 1607 441 1672 δὲ
464 1603 525 1672 τὸν
545 1602 648 1674 αὑτὸν
669 1603 795 1693 τρόπον
816 1604 950 1686 ιιάιιεένη
973 1610 1147 1697 στρέφεται
1171 1606 1193 1688 ἡ
1216 1610 1265 1689 διε
1284 1619 1322 1679 19

209 1828 319 1919 ψυχὴν
347 1831 404 1894 καὶ
434 1825 536 1918 φύσιν
563 1827 780 1912 ὑποκειμένην
813 1830 870 1893 καὶ
898 1826 1127 1916 ὑπηρετοῦσαν
1156 1829 1265 1898 αὑτῶν

210 1952 284 2018 ταῖς
297 1941 536 2026 δημιουργίαις,
554 1930 637 2031 ᾗπερ
653 1935 695 2006 ἀν
709 1929 809 2005 αὑται
822 1936 1017 2024 βούλωνται.
1057 1945 1092 2006 αἱ
1108 1943 1142 2007 δὲ
1157 1938 1264 2034 πάντῃ

157 2070 192 2119 15
210 2053 318 2139 ψυχῆς
339 2054 395 2118 καὶ
416 2048 545 2141 φύσεώς
568 2057 629 2117 εὶσι
648 2056 816 2139 χωρισταί,
840 2053 922 2134 λέχει
945 2052 980 2116 δὲ
1002 2055 1062 2130 τῆς
1075 2054 1177 2128 θείας
1199 2067 1265 2138 φυ-

207 2167 271 2249 χῆς
293 2188 327 2229 τε
349 2166 405 2228 καὶ
427 2159 557 2251 φάσεως
580 2160 652 2227 ἀλλ’
673 2160 745 2247 οὑχὶ
767 2164 827 2242 τῆς
847 2165 1062 2248 περικοσμίου
1083 2187 1118 2229 τε
1140 2164 1196 2228 καὶ
1211 2186 1264 2247 με,
1365 2212 1377 2218 ‚

209 2277 410 2361 νεσιουρχοῦ.
455 2275 539 2349 τινὲς
561 2273 674 2338 δὲκαὶ
695 2277 794 2355 μέσαι
815 2271 941 2337 τούτων
962 2271 1170 2358 ὑπάρχουσαι
1196 2296 1264 2339 κοιι

158 2397 193 2448 18
209 2389 332 2452 νανίαν
355 2383 472 2462 αὑταῖς
494 2389 673 2471 παρέχουσι
694 2378 777 2468 πρὸς
799 2379 956 2463 ἀλλήλας,
976 2378 1000 2464 ἢ
1021 2379 1106 2448 κατά
1130 2381 1265 2450 σύνδεσ-

279 2618 304 2668 5.
331 2613 528 2685 ξυμμεσὸτητος
547 2614 579 2667 0.
670 2616 695 2666 6.
722 2609 881 2684 διαφόρους]
899 2611 934 2664 sie
953 2611 974 2665 C
992 2628 1016 2665 et
1035 2613 1098 2666 Gale
1116 2627 1177 2676 not,
1204 2616 1265 2667 διοι-

281 2697 369 2770 φόρυς
387 2701 419 2753 0.
522 2703 562 2753 11.
591 2696 708 2771 τρόπον]
727 2695 812 2751 τόπον
831 2698 888 2750 ΑΙ).
993 2700 1035 2751 14.
1064 2698 1264 2771 δημιουρχλαις]

283 2785 319 2837 sic
337 2787 394 2852 AD,
420 2789 616 2859 δημιουρχιλαις
634 2786 667 2838 0.
746 2787 787 2837 15.
815 2787 861 2837 καὶ
878 2803 930 2836 om.
948 2784 982 2837 D.

210 2992 268 3050 sols
286 3004 375 3050 mente
392 3002 510 3059 utuntur,
535 2995 646 3069 eiusque
663 2995 745 3049 vitam
762 2995 857 3049 vivunt
874 2990 990 3049 vinculis
1008 3001 1117 3048 naturae
1135 2990 1226 3060 soluti,
1245 2994 1266 3059 ii

210 3099 274 3136 sane
297 3083 325 3136 in
348 3079 471 3136 omnibus
494 3077 632 3155 religionis
655 3078 777 3156 pertibus
799 3077 1008 3135 intellectualem
1030 3087 1058 3132 et
1079 3079 1266 3153 incorpoream

210 3166 298 3223 enltus
316 3168 446 3222 rationem
464 3165 633 3222 meditantur.
683 3167 729 3242 qui
747 3164 861 3220 mediam
883 3166 966 3222 vitam
984 3163 1097 3239 degunt,
1120 3181 1171 3238 pre
1190 3162 1265 3218 dilie-

209 3255 304 3308 rentiis
323 3255 401 3310 istius
419 3252 523 3308 mediae
541 3254 623 3308 sertis
642 3253 696 3328 ipsi
719 3270 827 3327 quoqne
844 3250 1000 3306 differentes
1024 3246 1112 3304 cultus
1134 3249 1193 3303 viss
1216 3248 1266 3304 ini·

209 3338 288 3394 bunt:
307 3348 353 3394 ant
370 3341 441 3396 enim
458 3348 602 3414 utrumque
619 3338 741 3392 vicissim
758 3335 909 3393 tractabunt
927 3332 1014 3390 cultus
1032 3331 1149 3399 modum,
1168 3343 1215 3388 snt
1231 3333 1264 3388 sb

208 3423 259 3480 hoc
278 3425 411 3481 absistent
435 3435 481 3481 aut
504 3423 630 3481 inferiore
651 3432 784 3498 tamqnam
802 3421 889 3479 seslas
912 3420 946 3476 sd
969 3421 1109 3496 superiora
1132 3427 1266 3495 ponentes

209 3511 281 3574 (sine
298 3509 342 3565 his
367 3509 401 3565 nd
424 3512 562 3587 superiora
584 3528 719 3584 nunquam
741 3510 876 3585 perveniri
898 3525 981 3584 posse
1002 3503 1203 3570 existimantes)
1221 3511 1267 3558 ent

210 3594 263 3650 alio
282 3594 364 3650 simili
382 3595 463 3651 modo
481 3596 622 3652 sacrifieiis
640 3598 694 3652 rite
710 3604 826 3651 utentur.

283 3679 339 3735 Sed
358 3690 386 3736 et
402 3679 448 3736 hic
470 3680 559 3738 locum
582 3681 681 3738 habere
703 3691 795 3758 petest
816 3678 863 3736 ills
886 3677 991 3734 divisio.
1037 3676 1216 3753 potentiarum
1239 3684 1267 3731 et
1285 3673 1323 3735 19

209 3768 385 3823 essentiarum
412 3766 561 3823 divinarum
588 3766 638 3824 hee
666 3767 775 3845 quidem
797 3765 945 3821 subiectam
967 3762 1019 3818 sibi
1044 3772 1072 3817 et
1094 3760 1266 3819 insilientem

210 3874 300 3909 earum
318 3853 435 3930 opificiis
454 3855 567 3909 enimam
586 3864 613 3910 et
630 3865 753 3912 naturam
768 3851 880 3917 liabent,
903 3849 950 3905 ubi
972 3850 1048 3926 ipsse
1069 3847 1174 3904 velent:
1199 3847 1266 3904 alise

207 3931 318 3996 omnine
336 3940 438 3996 liberae
455 3949 518 3994 sunt
536 3939 568 3994 nb
588 3940 673 3994 enims
692 3949 720 3993 et
737 3947 838 4003 natura,
857 3935 891 3990 ab
909 3936 995 3990 anime
1014 3936 1122 4011 inquam
1134 3934 1225 3992 divine
1239 3943 1266 3989 st

209 4037 302 4083 natura
321 4046 375 4081 non
394 4036 497 4082 tantum
515 4047 531 4081 a
549 4024 680 4080 mandene
699 4033 726 4079 et
744 4020 865 4099 genitali:
884 4031 992 4078 suntet
1009 4020 1114 4078 mediae
1131 4023 1201 4076 inter
1215 4017 1265 4073 lies

209 4134 277 4188 quae
295 4114 508 4169 communionem
525 4115 596 4168 inter
614 4120 749 4168 extremas
764 4118 883 4176 tuentur,
908 4107 991 4184 idque
1012 4107 1056 4164 vel
1079 4114 1193 4183 prepter
1209 4105 1266 4159 vin-

209 4199 298 4255 culum
316 4197 384 4255 illud
402 4200 533 4255 intentes
553 4217 646 4253 omnes
670 4193 871 4264 indissolubile,
896 4193 945 4255 vel
959 4203 1103 4272 prepterea
1128 4187 1200 4264 qued
1223 4209 1266 4247 sn·

1060 4301 1092 4351 15
