2776 4876
163 360 217 416 nu
1171 344 1226 408 9.2

166 515 208 586 σὺ
227 506 509 597 κατανειμάμενος
531 515 566 576 έν
581 533 613 574 τι
626 503 837 595 βραχύτατον
859 499 974 569 τὸτοῦ
990 495 1232 567 οἰκοδεσπότου

167 626 294 716 μόριον,
321 625 397 710 περὶ
419 617 501 688 αὑτό
523 616 584 698 τοίς
612 615 761 700 ζητήσεις
790 613 942 696 ἐποιήσω.
988 615 1044 678 καὶ
1076 614 1232 678 ἐνταῦθα

168 736 268 808 πόλιν
284 735 343 827 ἀφ’
362 729 437 811 ἐνὸς
450 736 511 800 τοῦ
524 735 739 820 προκειμένου
753 731 809 794 καί
823 731 922 793 τοῦτο
939 718 1231 809 διερευνήσασθαι,
1251 736 1266 787 ³

168 855 237 927 πῶς
258 851 319 934 μὲν
341 844 360 911 ὁ
384 841 618 925 οἰκοδεσπότης
639 836 743 907 αὑτόν
766 840 888 918 δίδωσι,
910 829 996 903 narni
1018 837 1095 900 τίνα
1119 835 1154 900 δί
1173 836 1233 900 καὶ

169 965 271 1029 ποίαν
293 953 317 1040 ἢ
338 952 524 1043 ἀπόρροιαν
546 950 569 1036 ἢ
591 948 677 1034 ζωὴν
698 947 720 1032 ἢ
743 946 883 1034 δύναμιν
912 955 957 1026 εἰς
979 945 1068 1032 ἡμᾶς
1090 944 1148 1010 ἀπ’
1170 943 1232 1011 αὑ-

169 1076 231 1140 τοῦ
252 1065 403 1150 καθήκει,
425 1071 499 1156 περὶ
522 1065 798 1151 γενεθλιαλογίας
819 1069 924 1137 ποιεῖς
943 1051 1005 1124 τόν
1027 1056 1138 1142 λόγον,
1167 1055 1269 1123 siret

169 1184 353 1274 ὑφέστηκεν
376 1180 438 1246 εἰτε
460 1175 515 1264 μή,
545 1180 601 1242 καί
624 1179 698 1261 περὶ
727 1173 880 1262 εὑρέσεως
903 1173 962 1237 τοὺ
986 1166 1231 1245 οἰκοδεσπότου,

171 1295 234 1363 εἴτε
258 1288 423 1368 ἀδύνατός
445 1295 534 1355 ἐστιν
557 1287 619 1354 εἰτε
643 1283 780 1366 δυνατή·
804 1288 910 1351 ταῦτα
933 1276 974 1362 δὴ
997 1279 1072 1347 τίνα
1093 1281 1156 1367 έχει
1172 1274 1232 1343 λό-

170 1429 232 1491 γον
253 1398 337 1491 πρός
359 1399 421 1484 τὴν
443 1403 518 1489 περὶ
540 1402 600 1465 τοῦ
623 1399 783 1482 δαίμονος
799 1390 1023 1480 έπικρότειαυς
1047 1394 1150 1470 δῆλον
1164 1385 1231 1475 γὰρ
1254 1401 1271 1453 εἰ

172 1516 215 1593 ὡς
237 1514 333 1583 οὐδὲν
355 1516 503 1602 διαφέρει
526 1505 609 1596 πρός
630 1503 692 1589 τὴν
714 1506 832 1574 οὑσέαν
855 1503 959 1571 αὑτοῦ
972 1507 1028 1570 καί
1042 1498 1104 1582 τὴν
1119 1504 1234 1567 αἰτίαν

171 1626 214 1694 τὰ
237 1628 376 1693 τοιαῦτα
398 1620 437 1690 τὸ
461 1622 550 1708 ἡμᾶς
572 1622 691 1686 εἰδέναι
713 1621 781 1696 πῶς
803 1618 973 1709 ὑφέστηκε.
1018 1616 1073 1680 καί
1097 1608 1162 1699 γὰρ
1179 1614 1233 1678 έπί

171 1739 238 1804 τῶν
261 1741 296 1803 έν
318 1739 357 1826 τῇ
380 1732 478 1827 φύσει
500 1736 708 1818 γιγνομένων,
731 1726 795 1796 κόίυ
809 1725 855 1815 μὴ
871 1723 1081 1814 τυγχάνωμεν
1096 1719 1233 1790 έπιστό-
1255 1729 1288 1782 12

172 1871 274 1934 μενοι,
297 1849 424 1931 γίνεται
453 1839 494 1908 τοὶ
518 1848 554 1907 έν
582 1846 628 1925 τῷ
655 1845 756 1907 παντί
764 1862 772 1879 ·
807 1837 896 1926 όμως
925 1842 989 1926 ἔχει
1016 1832 1077 1918 τὴν
1107 1836 1235 1900 οἰκείαν

173 1965 296 2026 έκαστα
318 1951 523 2043 βεβαιότητα
545 1957 604 2032 τῆς
626 1955 751 2018 ἑαυτῶν
775 1950 899 2028 οὑσίοις.
943 1951 1060 2026 κοινῶς
1088 1950 1149 2032 μὲν
1172 1937 1235 2012 οὖν

176 2067 280 2145 οὕτως
300 2062 383 2156 πρός
397 2061 457 2142 τοίς
472 2061 615 2150 ἀπορίας
630 2060 882 2144 ἀπηντήσαμεν·
904 2058 977 2127 κατ’
993 2062 1083 2126 ἰδέαν
1098 2060 1132 2124 δὲ
1149 2060 1234 2123 δέν·
1254 2070 1287 2121 rt

173 2204 226 2257 τες
248 2177 315 2246 ὅσα
338 2180 507 2257 ἐπιζητεῖς,
536 2170 776 2258 πειρασόμεθα
802 2176 877 2260 περὶ
906 2170 1015 2238 αὐτῶν
1044 2168 1235 2236 ἀποδοῦναί

173 2312 227 2357 σοι
249 2287 309 2366 τοὶς
331 2284 502 2363 διαλύσεις.

246 2490 269 2540 1.
296 2485 346 2552 τό]
365 2484 401 2536 sie
418 2481 498 2546 Act),
516 2483 615 2536 om.0.
688 2485 713 2535 2.
741 2485 856 2550 ἐποίησα
874 2485 906 2532 Α.
980 2481 1004 2532 3.
1032 2475 1134 2544 τοῦτο]
1153 2477 1234 2541 εἰοΑ,

243 2569 295 2625 τοὺ
313 2572 348 2634 D,
374 2569 406 2623 τό
426 2570 459 2622 Ο.
602 2569 627 2621 1.
639 2571 663 2621 5.
691 2570 719 2622 δί
742 2570 788 2621 καὶ
806 2565 903 2633 moiun]
929 2561 956 2619 δ’
971 2561 1090 2619 ἀτοπίαν
1109 2565 1156 2617 CD
1169 2566 1233 2630 Reg.

243 2658 330 2709 Fescin
414 2659 438 2708 5.
468 2651 613 2727 ἀπόρρειαι
631 2657 663 2707 Δ.
747 2654 771 2704 6.
800 2651 864 2721 ποιῇ
884 2653 964 2705 Act).
1050 2654 1093 2705 10.
1121 2654 1167 2705 καὶ
1186 2651 1234 2716 τὴν

209 2803 213 2808 ι
245 2745 333 2794 αἰτίαν
352 2761 403 2793 orn.
424 2741 503 2793 Act).
639 2741 681 2792 13.
708 2736 743 2803 τῷ
764 2737 861 2805 παντί]
882 2737 997 2808 „aliquid
1015 2740 1097 2790 deesse
1116 2735 1233 2789 videtur“

245 2827 309 2878 Gale
326 2840 380 2878 not.
524 2827 564 2879 11.
593 2817 655 2891 οὑν]
675 2825 710 2877 sic
728 2825 783 2887 Ac,
810 2846 861 2876 om.
881 2825 915 2878 0.
1059 2826 1102 2877 tt.
1131 2819 1231 2887 οὕτως]
1281 2829 1297 2864 ⁸

244 2911 281 2961 sic
299 2909 354 2973 Ae,
383 2907 452 2963 οὑτω
471 2911 504 2963 0.
612 2912 653 2962 16.
681 2907 870 2982 πειρασόμεθα
887 2910 946 2961 ΑΙ),

174 3107 228 3144 non
246 3096 320 3143 recte
337 3085 404 3142 ineis
428 3093 475 3163 qui
497 3088 683 3144 brevissimam
705 3086 802 3142 horum
826 3088 943 3142 omnium
967 3085 1096 3142 sumendo
1119 3095 1233 3164 partem,

174 3172 280 3231 scilicet
297 3174 384 3250 ipsius
402 3171 504 3229 domini
523 3172 632 3239 domus,
654 3171 718 3229 hinc
737 3171 822 3228 solnm
844 3172 985 3228 instituisti
1009 3171 1233 3249 disputationem

174 3269 202 3315 et
218 3259 264 3314 hie
275 3279 368 3315 rursus
381 3259 413 3314 ab
426 3258 479 3315 hoc
490 3279 544 3316 uno
557 3261 699 3336 supposito
712 3261 827 3334 quaeris,
846 3256 981 3333 quomodo
999 3257 1123 3314 dominus
1136 3256 1233 3314 domus

173 3354 268 3424 posset
285 3345 373 3421 ipsum
392 3343 548 3401 daemonem
566 3344 639 3412 dare,
659 3354 686 3400 et
698 3347 772 3401 iuxta
785 3364 864 3420 quem
876 3353 904 3400 et
915 3342 1019 3420 qualem
1032 3346 1090 3400 sive
1101 3343 1234 3398 influxum

173 3433 232 3487 sive
243 3432 326 3487 vitum
338 3431 397 3486 sive
407 3433 556 3508 potentiam
568 3428 602 3485 nd
614 3449 664 3485 nos
677 3431 711 3487 ab
723 3451 756 3486 eo
768 3429 922 3497 descendet,
940 3428 974 3485 de
986 3432 1105 3506 genitura
1116 3448 1232 3506 prorsus

173 3517 255 3573 rerba
273 3515 382 3583 faciens,
401 3526 490 3572 utrum
509 3514 586 3570 detur
604 3535 654 3570 neo
672 3535 714 3584 ne,
734 3526 761 3572 et
779 3515 813 3572 de
831 3517 986 3572 inventione
1005 3514 1106 3572 domini
1123 3515 1232 3583 domus,

174 3609 263 3656 utrum
280 3600 458 3678 impossibilis
476 3604 588 3658 inventu
611 3603 649 3657 sit
670 3622 704 3657 an
725 3601 873 3680 possibilis.
922 3599 988 3658 haee
1010 3611 1100 3658 nutem
1121 3621 1173 3677 qua
1192 3620 1233 3656 ru·

174 3686 247 3741 tione
265 3684 365 3743 iaciunt
383 3686 417 3744 nd
435 3687 572 3743 daemonis
590 3688 789 3744 inventionem?
816 3708 878 3744 nam
902 3696 1008 3743 constat
1025 3686 1091 3743 nihil
1116 3686 1151 3742 nd
1173 3688 1231 3743 eius

174 3771 318 3826 essentiam
336 3782 363 3827 et
381 3794 487 3830 causam
504 3774 640 3851 pertinere
653 3773 726 3850 quod
738 3793 788 3829 nos
800 3776 892 3850 utique
904 3771 1082 3849 intelligamus
1094 3771 1231 3850 quomodo

173 3854 315 3914 subsistat:
340 3869 413 3915 certe
430 3862 459 3915 in
477 3860 557 3915 rebus
581 3859 747 3915 naturalibus
770 3861 874 3915 etiamsi
897 3861 1062 3936 ignoremus,
1088 3862 1232 3935 gignuntur

172 3937 346 4007 universalin;
365 3945 572 4024 unumquodque
590 3957 678 4002 tumen
695 3948 833 4024 propriam
852 3947 984 4001 essentiae
1001 3944 1082 4001 habet
1100 3943 1232 3999 stabilitu-

171 4037 251 4096 tem„
282 4033 362 4101 atque
380 4025 508 4086 hactenus
528 4030 688 4107 generaliter
709 4032 744 4088 ud
765 4041 825 4088 tuus
843 4030 1023 4088 dubitationes
1047 4033 1230 4086 occurrimus:

172 4114 306 4252 {aguero
319 4112 511 4254 garticulurius
529 4127 661 4194 ponentes
680 4138 853 4194 quaecunque
871 4116 1002 4195 disputes,
1022 4115 1056 4172 ud
1075 4136 1106 4172 en
1118 4134 1233 4194 respon-

219 4217 317 4253 eeonn
337 4218 413 4256 nnur.
