2776 4876
370 361 551 420 Praefstiones
570 367 703 422 versionis
721 364 754 421 N.
773 364 905 422 Surtallii.
1084 318 1087 322 Ι
1107 383 1164 426 m

108 525 266 588 affectatis
282 524 444 588 rhetorum
467 524 685 612 elegantiohs,
703 549 773 591 cum
790 547 986 614 magnopere
1001 527 1163 618 studerem

107 641 314 724 interpretari
336 637 491 714 fideliter,
521 636 661 702 dilucide
683 641 768 718 item,
798 647 952 724 quantum
973 662 1033 725 per
1062 663 1163 706 exem-

106 751 205 837 plaris
228 754 337 837 graeei
360 753 483 835 copiam
507 748 631 831 licebat,
655 761 688 814 et
710 751 818 836 quoad
842 751 968 816 sinebat
983 757 1163 839 argumenti
1197 820 1202 836 ,
1228 821 1231 829 ,
1256 796 1258 801 ¹

107 867 253 949 tantique
268 863 454 949 philosophi
469 862 682 953 supercilium.
722 862 799 948 quid
814 862 1007 949 profecerim
1021 864 1163 949 videriqt

106 978 353 1063 incorruptionis
377 995 530 1039 censurae
553 967 690 1062 ingenia,
713 996 780 1040 non
804 978 915 1063 ignara
936 997 1030 1061 quam
1044 999 1162 1066 magno

105 1088 252 1175 periculo
276 1093 310 1153 in
332 1089 392 1151 hac
413 1088 531 1153 harena
554 1087 692 1152 ludatur.
739 1087 997 1172 quandoquidem
1022 1090 1164 1156 abundat

106 1204 229 1279 mamis,
253 1211 418 1285 scatetque
440 1200 523 1264 lueis
546 1210 658 1265 nostra
672 1210 769 1265 aetas.
815 1213 847 1265 at
870 1204 1012 1288 cogitent
1025 1202 1163 1292 vitiliga-

106 1325 194 1378 tores
219 1315 336 1399 cuique
358 1316 391 1377 in
413 1324 567 1398 promptu
591 1334 660 1376 esse
683 1312 833 1377 dentibus
856 1335 997 1398 carpere,
1017 1323 1051 1377 at
1064 1314 1163 1380 melli·

105 1425 204 1490 ficare
234 1435 268 1490 et
297 1426 464 1491 elaborare
492 1445 559 1488 non
589 1428 642 1489 ita.
696 1423 837 1509 impendi
865 1423 1013 1508 equidem
1036 1448 1161 1493 omnem

106 1561 254 1626 operam,
282 1548 319 1602 ut
347 1540 537 1624 paucissima
560 1559 621 1622 pro
643 1558 716 1601 meo
747 1537 860 1602 officio
890 1534 1161 1604 desiderarentur.

105 1650 235 1736 siquid
264 1661 370 1714 tamen
394 1650 512 1729 (homo
537 1653 653 1714 etenim
676 1655 767 1728 sum)
790 1648 1040 1727 desiderabitur,
1069 1648 1161 1716 facile

105 1767 166 1846 (sic
181 1765 294 1849 spero)
317 1765 489 1850 ignoscent
504 1761 697 1826 candidioris
713 1764 809 1825 animi
828 1761 982 1826 homines.
1028 1783 1069 1827 au
1085 1762 1163 1827 den·

105 1887 169 1940 tem
192 1878 288 1962 impie
311 1886 430 1938 acuent
450 1877 484 1938 in
507 1895 588 1951 eum,
613 1877 667 1958 qui
691 1874 882 1958 posteritati,
913 1876 967 1958 qui
991 1874 1160 1939 commodo

104 1987 235 2073 publico
258 1985 560 2073 probe'consultum
575 1986 672 2051 velit?
705 1995 819 2050 testem
834 1988 952 2049 invoco
969 1984 1063 2050 deum
1079 1989 1162 2071 opti·

103 2122 187 2164 mum
198 2102 365 2162 maximum
376 2096 650 2186 καρδιογνώστην,
669 2099 716 2163 nil
735 2097 823 2162 aliud
838 2097 981 2163 voluisse
992 2120 1051 2177 me,
1067 2119 1161 2182 quam

104 2212 208 2298 frugis
232 2210 350 2296 aliquid
366 2232 481 2296 parere
497 2210 660 2276 studiosis.
696 2214 786 2276 testis
804 2221 839 2275 et
852 2221 895 2289 tu,
920 2210 1017 2275 cardo
1033 2233 1161 2299 magna·

104 2328 197 2402 nime,
213 2322 481 2408 locupletissimus
498 2344 541 2400 es,
563 2321 605 2387 ad
620 2322 653 2386 id
667 2344 718 2386 me
734 2326 841 2408 operis
857 2322 1020 2400 accedens,
1036 2318 1162 2407 sapien·

104 2439 231 2500 tissimis
255 2438 319 2499 tuis
341 2437 485 2512 monitis,
509 2455 579 2498 non
602 2433 705 2518 qualis
730 2434 889 2520 Archytas
912 2434 967 2498 ille
991 2431 1161 2523 φιλαυτός,

104 2570 215 2612 verum
238 2569 310 2612 cum
333 2544 479 2624 Platone,
503 2567 574 2610 cum
598 2547 724 2624 Stoicis,
754 2569 825 2610 cum
849 2545 1018 2633 evangelio
1041 2548 1160 2631 potius,

105 2661 259 2724 charitate
274 2662 307 2723 in
323 2662 502 2745 proximum
518 2660 626 2722 omnia
640 2661 783 2722 metiens.
823 2661 866 2721 ita
882 2669 957 2722 tuus
973 2659 1036 2722 fert
1051 2659 1162 2724 dexter

106 2771 275 2843 admodum
298 2774 421 2859 genius,
454 2769 493 2834 ad
517 2769 601 2834 bene
622 2769 809 2834 merendum
832 2768 872 2833 de
895 2771 1048 2855 plurimis,
1070 2793 1162 2857 prae-

104 2888 213 2949 sertim
236 2883 277 2948 de
299 2883 415 2948 studiis
430 2885 633 2969 propensior.
679 2881 738 2945 hac
754 2881 859 2946 aditus
874 2885 908 2946 in
924 2882 1047 2948 caelum
1063 2894 1159 2968 patet

105 3018 221 3081 nempe
235 2994 327 3062 vides
343 2995 456 3059 falcem
472 2998 565 3073 senis,
588 2996 864 3079 acutissimamque
880 2995 1070 3060 novaculam
1084 3018 1161 3061 cuu-

105 3118 155 3172 cta
172 3107 395 3172 demetentem.
442 3129 526 3193 quae
543 3107 680 3171 obsecro
704 3107 849 3171 aedificia
873 3109 1014 3192 quamvis
1037 3107 1160 3173 excelsa

103 3231 262 3305 perpetuo
279 3225 383 3284 stant?
417 3242 500 3305 quae
516 3217 642 3303 templa,
666 3241 749 3306 quae
764 3217 956 3305 pyramides,
981 3220 1036 3301 qui
1059 3240 1159 3296 arcus,

104 3354 186 3416 quae
209 3343 321 3408 turres
345 3353 426 3417 quae
449 3331 586 3417 palatia?
617 3325 823 3395 abolendam
840 3335 939 3418 φέρει.
986 3327 1160 3394 concidunt

103 3453 235 3520 statuae,
251 3444 489 3529 amphitheatra,
505 3443 610 3520 urbes,
633 3444 827 3527 provinciae,
850 3463 960 3528 regna.
1006 3454 1160 3507 corruunt

104 3553 229 3619 demum
258 3566 349 3619 vasta
377 3557 466 3621 orbis
496 3558 638 3640 imperia.
684 3552 754 3618 sola
781 3574 941 3617 musarum
970 3552 1159 3638 divinaeque

102 3666 241 3731 Palladis
263 3679 470 3733 monumenta
492 3672 606 3732 vivunt
620 3688 679 3751 per
695 3687 789 3729 omne
805 3664 968 3729 saeculum
983 3663 1159 3749 loquentia.

103 3790 136 3844 et
159 3803 229 3844 cum
250 3783 285 3843 in
300 3782 413 3844 tetrica
429 3778 537 3844 mundi
552 3780 656 3856 huius,
680 3799 774 3862 quem
788 3776 1002 3862 Empedocles
1017 3778 1159 3860 λειμῶνα

102 3886 184 3971 ἄτης
200 3895 352 3968 nominat,
367 3889 529 3976 spelunca,
545 3911 679 3976 quoquo
696 3899 728 3952 te
743 3892 885 3967 verteris,
901 3891 928 3953 si
944 3901 1048 3954 tamen
1066 3889 1160 3957 datur

102 4007 218 4068 vinctis
242 4015 338 4089 caput
360 4004 504 4078 flectere,
536 4002 631 4088 plena
655 4004 759 4066 noctis
783 4005 889 4066 omnia
912 4013 1050 4086 spectes,
1081 4001 1160 4086 quid
1254 4068 1282 4075 ,,

102 4120 172 4201 spei
196 4117 371 4202 reliquum,
402 4114 479 4201 quid
509 4113 616 4179 solatii
646 4118 742 4179 tantis
771 4117 984 4192 intenebris,
1012 4117 1074 4179 nisi
1097 4112 1160 4177 cla-

102 4233 226 4294 rissima
245 4228 386 4315 desuper
401 4227 530 4292 caelesti
548 4226 623 4292 loco
641 4231 816 4315 sapientiae
838 4227 892 4292 lux
912 4225 1068 4290 irradians
1090 4231 1160 4291 uni·

960 4349 997 4399 b*
