2776 4876
198 347 232 398 10
1193 345 1245 409 M

197 505 334 585 τημενη·
367 496 409 568 σὺ
423 499 452 567 δ’
468 505 575 577 ὁοικας
589 499 749 584 ἡγεῖσθαι
763 495 823 580 τὴν
837 495 942 580 αὐτὴν
962 496 1048 566 εἶναι
1060 501 1126 567 νῦν
1139 503 1246 568 θείων

195 617 251 680 καὶ
273 615 337 679 τών
358 605 467 677 ἄλλων
488 609 671 678 ὁποιωνοῦν
692 613 821 695 γνῶσιν,
849 613 1012 679 δίδοσθαλ
1033 635 1068 677 τε
1088 605 1158 677 dud
1180 615 1246 681 νῦν

195 723 424 808 ἀντικειμένων
444 718 483 789 τὸ
505 729 615 808 ἕτερον
637 720 763 810 μόριον,
785 719 896 810 ὥσπερ
915 721 1015 790 alode
1037 725 1094 790 καὶ
1111 726 1165 790 tul
1181 726 1280 791 τῶνε

194 843 229 902 ἐν
251 846 324 912 ταῖς
344 836 525 912 διαλέκτοις
545 838 819 919 προτεινομένων·
848 832 887 901 τὸ
909 837 944 902 δὲ
965 832 1026 902 οῦκ
1046 837 1135 904 ἔστιν
1148 833 1245 903 obdu·

194 952 262 1033 μῦς
283 942 529 1033 παραπλήσιον·
563 944 758 1026 ἐξήλλακται
778 942 842 1032 γὰρ
865 945 975 1014 αὐτῶν
995 944 1164 1027 adtente,
1183 943 1244 1012 εἰν-

194 1055 352 1135 τιδόσεώς
372 1082 407 1124 τε
429 1055 537 1137 πόσης
558 1054 757 1144 κεχώρισται,
785 1062 842 1125 καὶ
863 1056 979 1125 osberto
1000 1059 1047 1142 τῷ
1067 1066 1280 1143 ‘compotes

194 1174 282 1238 σθαι
301 1174 370 1237 νῦν
383 1164 405 1249 ἢ
426 1175 461 1236 δν
476 1171 522 1253 τῷ
535 1171 714 1254 γίγνεσθαι
727 1169 923 1258 ὑφέστηκεν.
938 1167 1012 1236 ἀλλ’
1027 1160 1072 1250 ἦν
1087 1165 1246 1248 δξᾶιδλον

192 1279 367 1368 μονοειδὴς
387 1284 440 1348 ἐπὶ
462 1285 500 1372 τῇ
521 1283 610 1372 mvi
632 1277 895 1366 σννυπόρχονσα.
965 1287 967 1292 ’

282 1396 370 1479 Περὶ
398 1396 457 1477 μὲν
486 1384 545 1459 οὖν
573 1393 632 1472 τῆς
659 1388 788 1479 πρώτης
817 1390 921 1477 ἀρχῆς
943 1397 979 1457 ὲν
1000 1390 1094 1476 ἡμῖν,
1123 1389 1186 1480 ἀφ’
1207 1381 1279 1472 ἧςν

193 1507 373 1589 ὁρμᾶσθαι
400 1507 449 1570 δεῖ
477 1499 554 1581 τοὺς
581 1503 693 1571 ὁτιοῦν
721 1500 877 1585 λέγοντός
905 1527 939 1570 τε
972 1506 1029 1573 καὶ
1061 1499 1245 1579 ἀκούοντας

194 1621 268 1706 περὶ
288 1617 354 1681 τῶν
375 1612 567 1702 κρειττόνων
589 1608 708 1695 ἣκαθ’
728 1612 829 1699 ἡμᾶς,
851 1618 989 1682 τοιαῦτα
1003 1609 1087 1702 πρὸς
1102 1616 1138 1681 σὲ
1153 1615 1244 1696 λέγω,

157 1739 174 1792 4
194 1724 217 1793 ὁ
240 1726 269 1794 δ’
289 1728 448 1807 ἐπιζητεῖς.
459 1723 619 1810 ἰδιώματα
635 1733 710 1794 τίνα
725 1729 815 1793 ἐστὶν
829 1723 956 1810 ἑκάστῳ
970 1730 1035 1794 τῶν
1050 1721 1245 1812 κρειττόνων
1262 1738 1295 1792 12

194 1841 304 1923 γενῦν,
326 1836 375 1916 οἷς
396 1837 588 1926 κεχώρισται
609 1836 667 1905 ἀπ’
683 1835 845 1917 ἀλλήλων,
866 1844 894 1903 εὶ
915 1841 975 1923 μὲν
997 1836 1042 1915 ιὸς
1062 1832 1244 1914 εὶδοποιοῦς

194 1948 359 2039 διαφορὰς
380 1946 444 2018 tut
471 1945 572 2017 ταντὸ
594 1955 688 2035 γένος
709 1947 1015 2036 όντιδιαιρονμένας
1036 1960 1123 2027 νοεῖς
1143 1945 1187 2016 σῦ
1201 1944 1244 2015 τῦ

193 2059 362 2146 ἰδιώματα,
384 2058 492 2146 ὥσπερ
514 2060 578 2128 ῦπὸ
600 2056 639 2128 τὸ
661 2063 745 2142 ζῶον
759 2056 798 2127 τὸ
813 2056 945 2146 λογικὸν
960 2064 1018 2128 καὶ
1032 2056 1164 2145 ἄλογον,
1186 2058 1243 2127 ον’-
1262 2079 1293 2131 tt

194 2177 309 2240 δεποτε
330 2171 593 2259 παραδεχόμεθα
616 2169 657 2240 τοὶ
672 2175 809 2239 τοιαῦτα
824 2175 956 2241 ἐπὶτῶν
970 2169 1052 2257 μήτε
1069 2175 1244 2239 κοινωνίαν

193 2283 308 2362 οὐσίας
322 2289 404 2369 μίαν
416 2282 498 2370 μήτε
513 2283 726 2366 ὁξισάζονσαν
740 2280 880 2370 ἐχόντων
896 2282 1140 2370 ἀντιδιαλρεσιν,
1161 2280 1242 2367 μήτε

263 2527 287 2575 2.
306 2521 400 2589 ἄλλων]
419 2519 522 2591 ἀλόχων
541 2525 572 2578 Β.
643 2524 668 2576 l.
696 2530 721 2575 tv
738 2530 795 2582 τοῖς
813 2523 984 2582 διαλεκτικοῖς
1003 2522 1129 2577 Galcuot·
1150 2515 1165 2590 ll
1185 2498 1246 2574 διαζ

261 2613 354 2663 λίκνων
372 2609 403 2663 C·
483 2613 508 2664 5.
535 2610 666 2678 lisiduna
686 2611 716 2662 Δ.
800 2611 824 2661 7.
853 2606 1004 2678 γίγνεσθαι]
1022 2606 1058 2677 sic¹
1077 2607 1156 2670 ΑΒΙ).
1174 2612 1243 2675 ylar-

263 2703 333 2750 σθαι
351 2697 383 2748 0.
456 2699 497 2751 11.
526 2693 595 2767 περὶ]
618 2698 740 2766 καὶπερὶ
760 2700 788 2746 Α.
809 2689 823 2763 ll
843 2691 973 2762 ἤσπαλ.
1046 2689 1170 2749 14.νὸει
1188 2694 1243 2746 AC.

193 2919 281 2973 ctitur.
300 2927 330 2972 tu
347 2938 411 2973 vero
428 2918 528 2974 videris
547 2921 650 2996 opinari
662 2918 780 2974 eiusdem
793 2938 853 2973 esse
865 2921 969 2994 generis
981 2919 1159 2994 cognitionem
1171 2916 1243 2973 illam

194 3023 244 3080 qua
262 3002 367 3059 divinas
385 3014 492 3060 naturas
510 3007 695 3082 cognoscimus
714 3026 774 3061 cum
786 3003 832 3060 illa
845 3023 896 3080 qua
908 3003 960 3059 alia
973 3003 1115 3079 quaelibet,
1133 3003 1244 3080 dar-ique

193 3100 221 3147 et
239 3088 329 3166 colligi
346 3111 370 3145 a.
385 3093 525 3147 contrariis
548 3093 708 3148 contrarium
731 3091 892 3157 membrum,
916 3088 1153 3166 quaemadmodum
1173 3089 1245 3147 solet

192 3176 252 3232 fieri
270 3179 298 3232 in
316 3176 466 3235 dialecticis
484 3177 719 3256 disputationibus.
748 3176 797 3233 sed
814 3175 867 3232 hoc
890 3175 965 3232 nullo
983 3175 1063 3232 modo
1087 3185 1130 3232 est
1146 3173 1243 3232 siu‘lc

193 3263 344 3320 divinorum
357 3266 458 3342 quippe
467 3267 584 3341 cognitio
596 3263 681 3320 aliena
692 3283 805 3342 prorsus
818 3272 860 3319 est
871 3264 1056 3338 etseiangitur
1068 3262 1102 3318 ab
1115 3263 1244 3339 omuiop·

191 3353 339 3428 positionea
357 3360 385 3406 at
401 3371 490 3426 neque
506 3371 557 3429 per
573 3351 680 3407 modum
698 3351 882 3406 concessionis
900 3359 946 3404 aut
961 3350 1105 3426 positionis
1122 3348 1189 3405 hacc
1199 3347 1243 3405 lus·

191 3437 270 3493 betur
287 3438 413 3514 cognitio,
432 3447 526 3516 utpote
544 3459 610 3514 quae
628 3438 661 3493 ab
674 3447 781 3493 aeterno
793 3435 933 3492 uniformis
945 3445 1002 3491 erat
1013 3438 1042 3492 in
1054 3437 1139 3491 anima
1150 3443 1243 3490 nostra

192 3541 272 3597 eique
289 3542 394 3579 coaeva.
756 3564 759 3581 .

262 3607 306 3663 De
324 3612 410 3685 primo
423 3612 503 3687 igitur
515 3613 649 3688 principio
661 3612 690 3665 in
701 3610 788 3679 nobis,
806 3609 877 3665 unde
889 3629 981 3666 omnes
993 3609 1126 3685 suspicari
1136 3617 1245 3685 oportet

194 3695 239 3770 qui
258 3692 360 3769 aliquid
377 3695 412 3752 de
429 3696 668 3774 praestantioribus
687 3718 764 3773 quam
783 3716 833 3753 nos
852 3714 944 3753 sumus
955 3696 1058 3751 naturis
1069 3693 1190 3751 scribere
1201 3692 1245 3750 vel

157 3777 175 3832 4
193 3778 286 3836 audire
302 3765 479 3850 velinta'baec
496 3783 546 3839 tibi
564 3784 640 3852 dico,
658 3783 733 3860 quod
748 3793 836 3839 autem
854 3784 960 3858 macris
983 3781 1018 3838 de
1034 3781 1245 3859 proprietatibus

194 3863 287 3942 quales
309 3876 372 3922 sunt
394 3870 422 3923 in
444 3890 600 3947 unaquaque
621 3871 844 3948 praestantiorum
866 3878 1030 3936 naturarum,
1053 3887 1189 3944 quassas
1210 3865 1244 3923 ab

193 3953 309 4009 invicem
326 3951 499 4029 distinguant,
516 3957 649 4032 siquidem
667 3967 696 4015 tu
712 3976 763 4033 per
779 3957 958 4033 proprietates
976 3953 1104 4030 intelligis
1120 3953 1244 4010 differen-

193 4042 245 4095 tias
263 4038 404 4117 specificas
423 4040 473 4095 sub
485 4040 580 4097 eodem
591 4063 687 4117 genere
699 4042 941 4109 contradictiuctas,
960 4041 1182 4117 quemadmodum
1193 4039 1245 4097 aab

193 4123 300 4182 animali
317 4133 361 4181 est
378 4124 507 4181 rationole
519 4136 548 4181 et
554 4128 718 4196 irrationale,
736 4149 901 4204 nequaquam
917 4129 1081 4188 admittimus
1090 4126 1244 4185 boimundi

194 4215 302 4291 propria
321 4214 349 4269 in
367 4212 400 4268 iis
419 4231 488 4288 quae
505 4232 593 4289 neque
604 4233 680 4272 unam
693 4226 839 4292 agnoscunt
851 4236 1017 4275 communem
1027 4217 1182 4284 mantino,
1199 4235 1246 4272 ac·
