2776 4876
224 357 277 412 132
1208 351 1237 418 3,
1248 356 1281 408 11

223 509 347 588 παντὸς
368 506 624 597 ἁμαρτάνουσιν,
647 506 722 576 οὐδὲ
746 503 839 590 άξιον
862 505 982 585 αὐτοὺς
997 512 1033 573 έν
1047 503 1186 591 μάντεσι
1201 508 1281 573 κατέ

222 625 462 710 αριθμεῖσθαι.
1151 624 1154 629 ’

168 753 206 811 14
311 736 399 820 Περὶ
422 735 456 799 δὲ
479 726 583 798 άλλου
604 736 719 817 χένους
740 733 900 816 μαντικῆς
923 733 1024 815 λέχεις
1038 732 1161 796 ταῦτα·
1184 725 1282 796 ἄλλοι
1300 744 1315 795 3

220 844 557 931 παρακολουθοῦντες
578 847 708 921 ἑαυτοῖς
728 838 814 914 κατά
837 838 880 908 τά
902 838 997 920 άλλα,
1020 838 1106 908 κατά
1129 838 1168 908 τά
1192 865 1282 933 ῳαν-

220 952 377 1022 ταστικδν
399 953 601 1034 θειάζουσιν,
624 957 656 1019 οί
677 957 738 1038 μὲν
760 950 879 1032 σκότος
900 951 1058 1040 σάνερχον
1073 945 1234 1036 λαβόντες
1248 958 1281 1019 οἱ

222 1069 257 1134 δὲ
279 1061 478 1142 καταπάσας
501 1068 598 1132 τινῶν
621 1069 652 1131 οί
676 1063 706 1129 δ’
727 1059 855 1148 ἐπῳδάς
877 1067 933 1131 καί
956 1060 1141 1142 συστάσεις·
1166 1066 1222 1130 καὶ
1246 1069 1315 1131 ott

220 1182 281 1264 μὲν
303 1176 345 1243 δι’
363 1173 485 1252 ὕδατος
500 1171 728 1267 φαντάζονται
750 1178 783 1240 oi
805 1175 840 1241 δὲ
861 1180 897 1241 έν
910 1177 1010 1261 τοίχῳ
1030 1180 1062 1241 ol
1085 1173 1115 1240 δ’
1131 1181 1166 1242 έν
1181 1173 1281 1241 ὑπαί-

221 1291 299 1378 θρῳ
321 1286 394 1377 άέρι
417 1290 449 1352 οἱ
472 1284 502 1351 δ’
522 1291 557 1352 έν
580 1284 661 1370 ἡλίῳ
683 1280 705 1366 ἢ
727 1280 817 1370 άλλῳ
843 1289 907 1352 τινὶ
936 1290 1002 1352 τῶν
1030 1285 1103 1352 κατ’
1124 1283 1279 1376 οὐρανόν.

221 1506 261 1576 δν
289 1511 351 1596 μιρλ
382 1511 593 1589 συνείληπται
622 1503 771 1593 δυνάμει,
799 1502 842 1588 ἢν
870 1502 913 1573 άυ
935 1533 984 1584 τις
1013 1505 1124 1602 ῳωτδς
1146 1505 1280 1592 άχωχὴν

221 1617 467 1706 έπονομάσειεν.
506 1614 589 1699 αὕτη
614 1614 655 1698 δή
678 1640 743 1684 που
765 1613 802 1685 τὸ
825 1623 1049 1706 περικείμενον
1070 1623 1109 1712 τῇ
1124 1620 1212 1710 ψυχῇ
1228 1623 1281 1684 al-

221 1733 370 1820 θερῶδες
391 1734 447 1798 καὶ
470 1728 636 1814 αὐγοειδὲς
658 1723 768 1814 ὄχημα
783 1726 958 1814 ἐπιλάμπει
971 1732 1058 1815 θείῳ
1072 1730 1166 1821 ῳωτί,
1188 1727 1224 1808 έξ
1239 1719 1280 1794 οὗ
1299 1735 1333 1788 ¹2

221 1837 262 1923 δὴ
285 1844 470 1933 φαντασίαι
492 1843 588 1906 θεῖαι
608 1836 906 1924 καταλαμβάνουσι
926 1836 990 1922 τὴν
1017 1846 1053 1908 ἐν
1081 1839 1162 1925 ἡμῖν
1190 1863 1280 1930 φαν-

220 1947 381 2034 ταστικὴν
414 1949 555 2036 δύναμιν
588 1946 778 2035 κινοάμεναι
811 1946 875 2016 ὑπὸ
909 1953 970 2032 τῆς
996 1947 1185 2036 βουλήσεως
1213 1952 1279 2014 τῶν

221 2067 324 2131 θεῶν.
370 2061 432 2144 ὅλη
454 2059 519 2149 χάρ
541 2060 563 2141 ἡ
587 2059 652 2141 ζωὴ
675 2063 734 2141 τῆς
755 2063 865 2148 ψυχῆς
886 2065 942 2129 καὶ
963 2064 1074 2129 πᾶσαι
1094 2066 1130 2127 αί
1145 2066 1180 2127 έν
1196 2058 1280 2151 αὐτῇ
1298 2074 1330 2125 15

220 2171 374 2260 δυνάμεις
394 2173 606 2258 ὑποκείμεναι
626 2179 697 2248 τοις
718 2175 816 2249 θεοῖς
837 2176 1013 2251 κινοῦνται,
1036 2169 1123 2250 ὅπως
1143 2166 1186 2238 ulo
1202 2168 1279 2255 ἡχε·

219 2281 318 2371 μόνες
340 2283 454 2363 αι’ποῖς
476 2285 627 2350 ἐθέλωσι.

309 2398 379 2464 Καὶ
401 2399 500 2463 τοῦτο
523 2395 619 2480 διχῶς
640 2396 765 2478 γίνεται
786 2387 810 2473 ἢ
831 2391 1007 2482 παρόντων
1029 2396 1069 2487 τῇ
1090 2395 1180 2484 ψυχῇ
1208 2393 1274 2458 τῶν
1297 2401 1330 2452 18

291 2636 315 2686 1.
343 2629 420 2699 οὐδὲ]
448 2633 499 2685 τοῦ
518 2633 545 2684 δὲ
576 2629 633 2695 BC,
660 2631 738 2684 τοῦδε
765 2631 805 2695 D,
830 2628 880 2685 τοῦ
907 2632 938 2685 Α.
968 2626 981 2700 i}
1011 2626 1100 2698 άξιου]
1130 2625 1221 2690 ἀξίους
1247 2628 1277 2692 G,

289 2713 363 2776 ἄξιον
381 2709 450 2771 εἶναι
462 2720 492 2769 Α.
566 2718 589 2768 5.
618 2713 759 2787 σάνερχου]
778 2716 814 2768 sic
826 2716 907 2779 acl),
925 2725 1058 2789 συνεργεῖν
1072 2717 1096 2769 0
1115 2719 1146 2769 cf.
1161 2717 1221 2779 1³³,
1236 2718 1275 2769 12.

289 2805 314 2854 7.
341 2800 411 2870 τάχῳ
430 2803 462 2854 Β.
534 2804 576 2854 11.
605 2799 654 2870 δή]
673 2801 708 2854 sic
725 2802 779 2867 AG,
806 2804 834 2855 δέ
854 2802 887 2855 Ο.
961 2805 1003 2856 12.
1031 2797 1153 2872 σἰχωειδὲς
1171 2803 1204 2854 D.

220 3004 295 3082 qnod
312 3024 425 3083 prorsus
443 3015 557 3082 peceant
575 3003 688 3062 audaces
706 3004 837 3074 homines,
857 3024 944 3082 neque
962 3015 1071 3083 oportet
1088 3025 1135 3063 eos
1147 3009 1175 3061 in
1186 3015 1277 3062 vatum

218 3111 330 3148 numero
348 3109 517 3167 percensere.

164 3177 202 3237 14
290 3175 334 3232 De
352 3174 404 3231 alio
423 3177 542 3233 vaticinii
560 3196 656 3253 genere
673 3177 740 3234 haec
759 3177 838 3232 alicus
859 3174 923 3245 „alii
941 3195 1003 3233 cum
1020 3186 1107 3234 cetera
1126 3178 1192 3233 satis
1205 3176 1277 3254 apud

219 3281 249 3318 se
267 3263 324 3318 sint
346 3260 403 3317 sola
426 3261 566 3341 phantasia
590 3263 753 3330 afficiuntur,
777 3264 903 3338 quoniam
926 3260 1009 3338 aliqui
1031 3263 1156 3319 tenebras
1177 3261 1277 3318 hahent

218 3346 398 3404 auxiliatrices
422 3346 468 3403 alii
490 3350 615 3425 potiones
638 3349 766 3425 quasdam
789 3349 835 3404 alii
863 3350 980 3404 carmina
1001 3359 1028 3404 et
1053 3350 1276 3426 compositiones:

217 3432 264 3489 alii
288 3454 338 3512 per
360 3451 456 3510 aquam
477 3432 633 3511 phantasma
657 3437 792 3512 accipiunt
814 3432 860 3489 alii
882 3435 911 3489 in
932 3437 1035 3512 pariete
1061 3433 1106 3490 alii
1129 3437 1157 3490 in
1182 3444 1276 3510 aperto

218 3525 280 3574 aire
298 3520 343 3575 alii
361 3522 390 3575 in
408 3519 468 3576 sole
485 3519 530 3576 alii
548 3522 577 3576 in
595 3519 683 3577 stellis
702 3519 791 3576 aliis.“
842 3519 891 3575 sed
908 3529 995 3576 totum
1012 3518 1064 3577 hoc
1082 3539 1164 3596 geum
1182 3522 1276 3575 manti·

219 3624 266 3660 cae
285 3624 434 3681 quanquam
452 3604 613 3662 multiforme
631 3609 668 3662 sit
689 3615 781 3684 potest
798 3615 887 3661 tamen
905 3605 955 3661 sub
974 3626 1025 3662 una
1043 3608 1133 3684 specie
1156 3626 1276 3683 compre·

218 3686 309 3756 henli,
330 3710 408 3765 quam
424 3711 479 3746 non
497 3690 565 3748 male
583 3691 804 3748 illuminationem
823 3692 883 3766 quis
901 3690 1084 3769 appellaverit
1129 3690 1175 3748 illa
1188 3701 1275 3746 antem

219 3776 440 3851 circumpositum
463 3779 565 3834 animae
592 3776 738 3834 aetherium
760 3787 788 3833 et
811 3776 983 3855 splendidum
1005 3775 1158 3834 vehiculum
1184 3778 1274 3834 divina

218 3857 280 3915 luce
296 3860 440 3937 perfundit,
458 3865 530 3920 unde
548 3863 583 3919 ad
600 3863 712 3920 deorum
723 3862 887 3920 voluntatem
899 3866 1019 3941 percitae
1029 3865 1157 3940 imagines
1170 3863 1274 3920 (livinae

218 3964 277 4001 eam
295 3965 363 4021 quac
381 3957 423 4002 est
441 3951 469 4003 in
486 3949 564 4005 nohis
582 3951 716 4026 attingunt
732 3949 899 4027 phantasiam
951 3958 1008 4003 tota
1021 3950 1091 4004 enim
1104 3952 1207 4005 animae
1218 3947 1274 4004 vita

218 4050 364 4107 omnesque
383 4033 441 4087 eius
460 4031 598 4089 facultates
616 4034 726 4090 deorum
744 4046 839 4113 parent
857 4033 984 4101 motibus,
1008 4042 1039 4088 ut
1057 4053 1110 4110 quo
1129 4033 1215 4091 velint
1233 4054 1274 4089 ea·

217 4137 277 4174 rum
295 4114 377 4175 duces
394 4115 540 4196 impellant.

218 4209 225 4222 ‘
287 4202 333 4260 Fit
351 4213 439 4262 autem
456 4201 601 4281 dupliciter
618 4203 671 4263 hoc
687 4205 732 4263 vel
749 4227 809 4264 cum
828 4207 867 4265 dii
879 4205 937 4264 sola
948 4207 1100 4285 praesentia
1113 4207 1173 4262 sine
1184 4204 1274 4262 medio
