2776 4876
160 350 214 405 218
826 355 829 358 ’
1143 345 1215 409 5,14

162 511 270 573 εκτέον
291 501 404 578 αὐτοῖς
425 496 485 582 τὴν
501 505 696 588 θεραπείαν,
719 496 844 577 ίνύλοις
860 490 956 566 οὖσιν
971 496 1087 576 αὐτοῖς
1102 501 1218 566 ἔναλον

162 607 283 682 οὖσαν·
306 608 389 679 οὕτω
411 607 475 699 γὰρ
499 606 542 678 ὀίν
564 608 654 690 ὅλοις
668 608 782 688 αὐτοῖς
796 609 839 675 δι’
855 607 942 675 ὅλοιν
955 613 1218 697 προσαγοίμεθα

164 733 208 803 είς
229 725 398 803 ολκείωσιν,
421 720 610 808 συγγένειαν
632 746 666 788 τε
689 719 803 798 αὐτοῖς
825 726 861 786 ὲν
874 723 914 812 τῇ
929 721 1098 808 θεραπείᾳ
1112 743 1218 809 προσ·
1237 738 1252 787 3

162 841 319 926 φέροιμεν
339 826 402 913 τὴν
422 831 671 921 προσήκουσαν·
699 835 755 898 καὶ
783 835 837 897 επὶ
857 833 924 896 τῶν
945 831 1077 898 θυσιῶν
1104 834 1220 898 τοίνυν

141 941 204 1017 ,τὰ
227 938 326 1031 νεκροὶ
349 940 487 1030 σώματα
509 947 565 1010 καὶ
588 942 834 1031 ἀπεστερημίνα
857 943 917 1022 τῆς
939 941 1032 1022 ζωῆς,
1054 937 1161 1031 φόνος
1182 965 1219 1010 ,τι

162 1060 228 1121 τῶν
256 1052 346 1135 ζώων
373 1058 430 1120 καὶ
458 1053 685 1132 κατανάλωσις
707 1057 772 1119 τῶν
799 1047 961 1137 σωμάτων
989 1047 1160 1137 μεταβολή
1181 1074 1253 1125 τεο

162 1169 306 1233 παντοία
333 1169 390 1231 καὶ
418 1162 556 1255 φθορά,
589 1167 645 1231 καί
673 1161 756 1242 ὅλως
784 1162 807 1244 ἡ
835 1159 1023 1251 πρόπτωσις
1050 1165 1109 1242 τῆς
1136 1157 1219 1242 ὕλης

162 1281 406 1365 προϊσταμίνης
433 1278 530 1355 θεοῖς
557 1271 730 1364 προσήκει·
766 1272 826 1341 οὐκ
859 1270 973 1351 αὐτοῖς
1002 1270 1044 1339 δι’
1070 1269 1218 1350 ἑαυτούς,

164 1382 250 1452 ἀλλὰ
273 1381 329 1452 διὰ
350 1381 411 1466 τὴν
437 1383 521 1467 ὕλην
541 1377 582 1467 ἦς
610 1382 817 1473 ὲπάρχονσιν.
862 1391 891 1452 εί
911 1378 977 1473 γὰρ
999 1386 1057 1451 καὶ
1077 1378 1130 1449 ὅτι
1150 1378 1254 1467 μοί-9

165 1500 263 1563 λιστα
281 1503 439 1586 χωριστοί
461 1504 542 1564 είσιν
564 1493 622 1562 ἀπ’
642 1494 754 1574 αὐτῆς,
777 1492 851 1561 ἀλλ’
867 1493 956 1581 ὅμως
970 1492 1052 1585 αὐτῇ
1067 1489 1219 1580 πάρεισι·

164 1610 220 1673 καὶ
236 1613 263 1673 ελ
278 1612 481 1696 περιέχουσιν
496 1600 601 1686 αὐτὴν
615 1611 650 1673 ἐν
665 1602 754 1690 toto
770 1602 915 1691 δυνάμει,
938 1600 999 1672 otia
1013 1601 1096 1696 αὐτῇ
1110 1598 1220 1689 ὑπείρ-

161 1737 272 1803 χουσι·
294 1715 337 1783 τοί
359 1741 394 1782 τε
417 1715 624 1802 διοικούμενα
644 1727 716 1792 τοῖς
737 1718 917 1783 διοικοῦσίν
939 1723 1027 1784 ἐστιν
1042 1712 1101 1781 οὐκ
1115 1708 1220 1779 ἁλλό-
1240 1727 1274 1777 12

164 1851 240 1916 τρια
262 1830 319 1893 καὶ
339 1822 382 1892 aei
405 1823 673 1911 διακοσμούμενα
695 1837 765 1905 τοῖς
787 1829 1015 1914 διακοσμοῦσι,
1042 1833 1113 1902 τοῖς
1131 1848 1221 1912 χρωὸ

164 1941 275 2022 μένοις
303 1961 337 2004 τε
360 1933 404 2004 τὰ
424 1936 652 2026 ὑπηρετοῦντα
680 1935 723 2015 ὡς
752 1934 881 2025 ὄργανά
910 1945 998 2006 ἐστιν
1014 1937 1085 2004 ὀὐκ
1113 1931 1221 2020 ἀνείρ-

164 2070 284 2135 μοστα.
330 2045 443 2136 διόπερ
465 2058 535 2125 τοῖς
556 2052 616 2132 μὲν
645 2045 757 2126 ὰύλοις
786 2053 882 2127 θεοῖς
909 2045 993 2131 ὕλην
1019 2051 1222 2136 προσφέρειν
1242 2063 1276 2113 15

165 2155 221 2224 διὰ
244 2162 373 2228 θυσιῶν
401 2163 490 2228 ἐστὶν
513 2157 700 2247 ἀλλότριον,
720 2171 792 2238 τοῖς
819 2159 849 2227 δ’
868 2156 994 2238 ὲνύλοις
1017 2155 1222 2227 οἰκειότατον

165 2292 280 2339 απασι.

236 2491 260 2540 l.
287 2485 399 2554 ίνύλοις]
417 2491 443 2540 ἐκ
460 2487 531 2549 ὕλαις
548 2487 579 2540 Β.
652 2488 678 2540 2.
705 2485 765 2556 ὅλης
777 2484 878 2548 αὐτοὺς
895 2486 976 2539 Bel).
1048 2491 1074 2540 b.
1101 2481 1224 2554 οἱπεστη-

236 2578 334 2644 ρημίνα
358 2573 388 2624 Β.
411 2567 423 2642 ss
444 2575 549 2644 φθόνος
571 2574 603 2627 Β.
711 2574 753 2627 10.
778 2573 898 2644 χωριστὰ
922 2576 953 2625 Α.
1062 2574 1105 2624 12.
1133 2568 1223 2636 turn]

235 2661 332 2712 ἰνεστιν
350 2659 384 2712 D.
522 2683 526 2691 ·

168 2904 210 2951 est
232 2893 413 2951 materialibus
436 2894 606 2952 materialem.
651 2895 704 2953 lroc
727 2897 798 2951 enim
820 2905 899 2973 pacto
921 2915 972 2951 nos
994 2898 1049 2974 ipsi
1070 2893 1224 2950 materiales

167 2982 352 3058 perveniamus
370 2982 400 3036 in
417 2982 573 3037 societatem
590 2981 763 3038 materialium
780 3002 830 3060 per
841 2981 996 3050 materialia,
1014 2980 1170 3057 cultumque
1182 2982 1224 3036 eis

167 3066 246 3145 plane
265 3077 406 3144 cognatum
424 3077 452 3122 et
470 3070 672 3124 convenientem
683 3078 857 3145 praestemus.
903 3068 965 3125 hinc
984 3067 1118 3143 estquod
1135 3068 1165 3121 iu
1182 3085 1224 3122 sa-

167 3153 278 3210 crificiis
296 3163 400 3210 mortua
418 3172 532 3231 corpora
550 3163 576 3209 et
594 3156 648 3210 vita
666 3175 756 3221 cassa,
779 3154 932 3210 animalium
949 3155 1074 3211 mactatio
1098 3163 1127 3210 et
1146 3155 1224 3210 victi·

167 3260 268 3297 marum
286 3241 427 3308 absumtio,
446 3249 474 3295 et
492 3249 522 3295 ut
538 3239 620 3295 verbo
639 3238 734 3308 dicam,
753 3243 879 3297 materiae
896 3243 995 3319 prioris
1013 3243 1125 3296 mutatio
1139 3242 1225 3296 omni·

102 3392 105 3398 .
167 3325 254 3394 moda,
278 3328 416 3404 corruptio
435 3335 462 3383 et
480 3325 628 3383 destructio
648 3327 701 3383 diis
719 3329 780 3384 istis
799 3329 952 3394 conveniat;
975 3347 1029 3384 non
1047 3327 1156 3404 quidem
1173 3345 1225 3404 per

167 3433 210 3482 se,
233 3411 283 3469 sed
301 3415 403 3475 ratione
421 3414 547 3469 materiae
565 3415 608 3469 cui
626 3413 823 3491 praeficiuntur.
869 3434 1020 3491 quanquam
1041 3414 1110 3469 enim
1133 3412 1166 3467 ab
1192 3432 1223 3468 ea

167 3497 331 3577 separabiles
349 3508 412 3555 sunt
430 3508 460 3554 ut
483 3518 561 3574 ροισι
584 3501 710 3570 maxime,
734 3491 911 3555 nihilominus*
930 3502 954 3555 ei
973 3499 1085 3565 alienata
1107 3508 1135 3554 et
1156 3497 1224 3554 licet

167 3587 304 3641 materiam
321 3587 443 3662 potentia
461 3584 629 3641 immateriali
647 3605 696 3642 sua
714 3588 876 3654 contineant,
894 3596 1011 3643 attamen
1028 3606 1080 3642 una
1098 3583 1223 3640 cumbae

168 3671 293 3726 existunt.
337 3673 389 3727 iam
406 3691 471 3727 vero
490 3674 634 3747 gubernata
657 3691 712 3727 non
730 3681 794 3728 sunt
810 3672 895 3728 aliena
920 3676 977 3729 suis
1000 3670 1223 3750 gubernatoribus

168 3774 218 3811 neo
236 3766 361 3813 exornata
380 3759 583 3827 coamantibus,
602 3779 688 3834 neque
707 3779 737 3814 ea
755 3778 823 3835 quae
840 3768 973 3836 tamquam
991 3762 1167 3817 instrumenta
1185 3759 1225 3813 in·

169 3841 299 3909 serviunt,
316 3844 406 3920 inepta
425 3847 464 3900 eis
483 3855 546 3901 suut
565 3848 610 3922 qui
629 3847 663 3901 iis
681 3854 799 3901 utuntur.
845 3866 927 3922 quare
939 3846 992 3904 diis
1004 3843 1224 3904 immaterialibus

168 3925 315 3984 materialia
332 3929 464 3984 sacrificia
483 3931 581 3987 offerre
599 3942 641 3989 est
659 3951 771 4009 prorsus
788 3930 935 4010 indiguum,
953 3932 1136 3990 materialibus
1158 3949 1225 3988 vero

169 4011 294 4070 omnibus
312 4014 425 4070 maxime
443 4035 593 4092 congruum.
