2776 4876
213 336 266 392 κει
322 409 330 419 ⁶
632 292 645 302 ⁵
1197 297 1273 397 9,ιο

212 488 369 569 ἑκάστοις,
391 492 447 562 καὶ
469 483 510 569 δή
532 491 589 555 καὶ
610 494 646 555 ίν
667 493 741 566 ταῖς
761 489 960 576 ἱερουργίαις
982 485 1164 578 ἀναφαίνει
1180 483 1268 555 κατά

213 599 274 684 τήν
297 604 385 668 ίόίαν
409 597 570 684 βούλησιν
592 596 669 679 τοὺς
690 602 794 678 ίδίους
814 596 973 678 ἑκάστοις.
1011 597 1063 665 άιὶ
1084 592 1149 686 γάρ
1172 603 1208 669 ἐν
1228 600 1269 689 τῇ

213 715 391 800 θεονρμικῇ
406 709 496 792 τάξει
510 707 566 778 διά
580 715 645 778 τῶν
659 708 881 800 ὑπερεχόντων
888 706 940 777 τά
953 707 1088 797 δεύτερα
1102 710 1269 776 καλεῖται·
1288 725 1303 776 ³

212 827 269 890 καὶ
291 826 344 890 ἐπὶ
367 825 433 889 τῶν
455 819 622 909 δαιμόνων
644 827 757 891 τοίνυν
779 821 825 900 είς
845 817 1100 909 κοινὸςήγεμών
1114 823 1271 907 εοῖνπερλ

213 931 275 1016 τήν
297 940 422 1019 γένεσιν
444 932 722 1024 κοσμοκρατόρων
744 938 949 1018 καταπέμπει
971 927 1048 1010 τοὺς
1069 934 1173 1009 ίδίονς
1195 933 1270 998 δαί-

213 1070 320 1131 μονας
342 1043 501 1123 ἑκάστοις.
547 1040 680 1111 ἐπειδάν
706 1050 821 1130 μέντοι
848 1048 1076 1133 παραγένηται
1103 1042 1121 1110 ὁ
1152 1049 1305 1119 ολκεῒοςε

214 1154 349 1243 ἑκάστῳ,
371 1154 445 1224 τότε
467 1159 523 1223 καὶ
546 1153 607 1237 τήν
622 1159 711 1223 ίὸίαν
726 1160 913 1241 θεραπείαν
927 1158 1048 1235 ἑαυτοῦ
1061 1157 1117 1220 καὶ
1134 1147 1172 1219 τὸ
1187 1158 1271 1242 σφί-

214 1293 310 1356 τερον
333 1263 441 1355 ὄνομα
463 1271 624 1357 ἐμφαίνει,
646 1264 771 1351 τρόπον
793 1269 828 1334 δὲ
850 1269 910 1346 τῆς
932 1269 1020 1344 ίδίας
1040 1262 1184 1346 κλήσεως
1206 1258 1272 1330 τόν

215 1380 300 1447 ’ίόιον
322 1383 538 1467 παραδίδωσι.
1291 1396 1308 1446 u

159 1499 197 1556 ro
307 1495 373 1557 Καὶ
397 1487 479 1571 αὕτη
502 1486 594 1570 τάξις
622 1494 712 1557 ἐστὶν
734 1488 756 1570 ή
778 1484 973 1578 πρόσφορος
998 1491 1064 1555 τῶν
1085 1482 1271 1572 δαιμόνων·

216 1601 236 1684 ή
265 1606 325 1688 μὲν
353 1597 510 1687 συγγενής
539 1593 624 1669 οὖσα
651 1611 722 1678 τοῖς
749 1598 1033 1685 καλουμένοις,·ή
1063 1597 1093 1666 δ’
1114 1595 1181 1663 ἀπὸ
1205 1601 1273 1663 τῶν

215 1715 444 1799 πρεσβυτέρων
466 1717 580 1780 αίτίων
602 1709 816 1794 καθήκουσα,
846 1714 939 1800 τρίτη
962 1712 996 1776 δὲ
1017 1703 1131 1791 κοινήν
1155 1733 1273 1775 ποιου-
1292 1725 1325 1776 12

214 1828 296 1907 μίνη
319 1819 380 1903 τήν
402 1820 460 1887 ἀπ’
480 1821 678 1912 ἀμφοτέρων
700 1820 824 1889 τούτων
847 1824 1041 1896 συντέλειαν.
1086 1815 1132 1905 μὴ
1158 1822 1274 1887 τοίνυν

214 1931 384 2023 άφομοίον
405 1929 465 2011 τάς
489 1935 588 2009 θείας
609 1930 738 2014 κλήσεις
759 1941 833 2012 ταῖς
855 1931 1089 2020 ἀνθρωπίναις
1102 1933 1185 2017 μηδὲ
1208 1925 1271 2008 τάς

215 2042 379 2133 ἀρρήτους
407 2056 479 2121 ταῖς
507 2046 638 2130 ῥηταῖς,
666 2047 748 2130 μηδὲ
770 2039 832 2122 τάς
859 2039 925 2132 πρὸ
954 2035 1078 2121 παντὸς
1106 2040 1188 2130 ὅρον
1214 2043 1274 2108 καὶ
1293 2066 1324 2117 15

215 2152 340 2231 παντὸς
363 2153 521 2241 άορίστον
543 2150 667 2241 τρόπον
680 2167 754 2233 ταῖς
767 2153 847 2241 παρ’
864 2152 1058 2240 ἀνθρώποις
1073 2150 1273 2242 παράβαλλε

216 2263 410 2353 ὡρισμέναις
431 2261 453 2346 ή
476 2265 644 2353 ἀορίστοις
665 2264 893 2354 προστάξεσιν.
931 2263 1106 2354 οὐδὲνγὰρ
1121 2270 1185 2354 ἔχει
1206 2289 1274 2332 κου

215 2371 275 2444 νὸν
296 2372 339 2443 τά
360 2374 439 2464 παρ’
460 2375 540 2463 ἡμῖν
561 2381 607 2462 τῷ
630 2373 696 2462 ὅλῳ
711 2383 803 2461 γένει,
824 2379 881 2444 καὶ
901 2375 987 2442 καθ’
1004 2373 1086 2458 ὅλην
1101 2373 1163 2460 τήν
1178 2374 1274 2458 τάξιν
1293 2395 1324 2446 18

288 2643 312 2695 4.
341 2641 423 2701 κεινὸς
440 2642 473 2694 D.
557 2644 581 2694 6.
610 2642 788 2712 παραμίνηται
807 2641 838 2702 Α,
866 2644 1040 2711 παραγίνεται
1058 2641 1092 2693 D.
1176 2642 1203 2694 8.
1231 2645 1273 2693 ία-

288 2728 376 2794 φαίνει
394 2727 424 2777 Α.
499 2727 540 2780 tt.
568 2723 618 2794 ἀφ’
632 2725 729 2799 ὁμοίου
748 2725 779 2788 Β,
798 2721 919 2797 οἷμομίου
937 2726 971 2778 D.
1046 2727 1086 2780 18.
1115 2729 1162 2780 καὶ
1179 2725 1271 2780 om.C.

218 2994 264 3069 qui
282 3001 309 3048 et
325 3011 340 3051 ε
358 2993 492 3069 principio
511 3013 588 3051 suum
606 2995 702 3070 suique
719 2994 875 3052 menonem
886 2995 1017 3064 definivit,
1036 2998 1136 3073 quique
1148 2998 1177 3052 in
1188 2998 1273 3052 saeris

217 3077 418 3157 operationibus
437 3080 583 3136 seeundum
600 3082 736 3158 propriam
753 3081 918 3138 voluntatem
936 3102 1014 3138 suum
1029 3084 1173 3158 unicuique
1185 3091 1275 3138 osten·

217 3165 263 3223 dit.
309 3185 416 3243 semper
434 3168 505 3225 enim
526 3168 555 3224 in
577 3167 673 3223 ritibus
692 3170 782 3229 xsuerio
806 3167 918 3224 inferior
939 3189 989 3246 per
1010 3170 1178 3246 superiorem
1201 3171 1275 3225 iuvo-

218 3262 304 3308 catur:
323 3272 405 3327 quare
423 3255 504 3309 etiarn
522 3252 556 3310 de
573 3253 747 3312 daemonibus
760 3265 791 3310 ut
802 3253 905 3331 loquar,
925 3265 968 3311 est
979 3275 1048 3312 unus
1059 3255 1169 3332 quidem
1181 3274 1274 3311 eorum

218 3338 272 3396 dux
290 3339 336 3417 qui
349 3341 532 3414 >genomtionis
550 3351 577 3396 et
594 3339 686 3398 mundi
703 3343 830 3419 princeps
849 3351 899 3409 ost,
917 3343 996 3417 isque
1012 3340 1047 3400 nd
1058 3361 1275 3417 unumquemque

218 3425 334 3482 dimittit.
382 3425 538 3482 daemonem
560 3446 637 3483 suum
659 3437 803 3502 postquam
824 3438 913 3484 autem
935 3427 1013 3483 adest
1036 3447 1101 3484 suus
1121 3428 1274 3502 unicnique,

218 3521 281 3568 tuno
304 3520 332 3567 et
353 3531 499 3589 congruum
521 3511 575 3568 sibi
598 3511 700 3568 cultum
722 3533 872 3590 nomenque
894 3534 972 3570 sunm
995 3513 1089 3583 donet,
1112 3513 1276 3590 modumque

219 3616 271 3671 quo
289 3597 356 3653 volit
374 3619 404 3655 se
422 3600 543 3657 invocari
560 3597 689 3655 ostendit.
717 3672 726 3681 μ
1250 3645 1263 3659 ,

162 3687 201 3746 10
290 3682 348 3740 Ηιε
365 3686 445 3760 igitur
463 3683 551 3743 cultus
569 3687 688 3742 rationes
699 3685 873 3743 doemonibus
889 3688 1064 3753 conveniunt3
1081 3706 1135 3745 unu
1153 3695 1197 3744 est
1214 3704 1275 3742 oon·

218 3787 282 3844 grue
298 3770 334 3824 iis
353 3773 398 3845 qui
415 3773 582 3841 invocantur,
601 3770 653 3828 aliu
670 3782 759 3828 autem
771 3772 805 3827 ab
816 3772 1012 3848 antiquioribus
1029 3775 1118 3829 oousis
1130 3772 1275 3838 derivatur,

219 3855 298 3916 tertia
316 3859 490 3915 communiter
508 3879 542 3916 ex
559 3869 672 3935 utruque
689 3861 742 3915 ritu
759 3878 816 3914 rem
839 3861 986 3934 exequitur.
1034 3857 1092 3916 noli
1109 3861 1192 3936 igitur
1207 3857 1276 3915 divi-

219 3958 267 3996 nos
279 3941 462 3998 invocationes
474 3942 597 4002 humanis
610 3944 713 4002 similes
726 3946 886 4015 existimare,
905 3955 951 4002 aut
962 3944 1112 4002 ineffabiles
1125 3943 1275 4002 effabilibus

221 4045 385 4104 comparare,
408 4047 496 4103 neque
513 4052 559 4088 εει
578 4053 645 4108 quse
663 4052 769 4090 omnem
786 4035 929 4089 terminum
947 4051 1107 4108 omnemque
1124 4031 1277 4088 indetermi-

220 4112 310 4169 natum
327 4111 436 4170 modum
453 4126 581 4192 superant
598 4115 721 4179 humenis
739 4119 860 4195 imperiis
872 4116 1002 4186 conferre,
1021 4120 1080 4175 sive
1092 4117 1203 4175 definite
1213 4123 1277 4172 sunt

221 4193 286 4254 haec
298 4201 361 4258 ,sive
379 4200 531 4270 indefinita3
553 4201 621 4260 nihil
644 4206 716 4260 enim
733 4203 834 4261 habunt
850 4204 917 4261 huon
938 4213 1030 4261 nostra
1052 4223 1195 4261 commune
1217 4220 1277 4258 oum
