2776 4876
133 361 160 423 1,
173 362 205 413 16
1152 364 1189 417 49

135 519 314 602 θεωρεῖται
335 514 358 597 ἡ
381 514 560 597 οἰκειότης·
579 520 637 582 καὶ
663 516 697 582 ei
714 540 764 594 τις
791 515 933 600 ἐγγύθεν
962 512 984 597 ἢ
1012 515 1190 602 πόρρωθεν

135 632 306 712 συγγένεια
326 625 349 710 ἢ
372 626 530 714 ὁμοιότης
551 625 717 712 πάρεστιν,
727 639 729 643 ’
739 626 867 713 ἐξαρκεῖ
880 630 936 694 καὶ
951 625 1034 710 αὕτη
1050 625 1133 715 πρὸς
1147 625 1190 710 ἣν

100 749 116 800 3
137 743 212 806 νυνὶ
232 743 371 827 λέγομεν
391 739 561 831 συναφήν·
595 737 670 806 οὐδὲ
690 736 755 827 γάρ
772 745 843 806 tort
856 764 889 805 τι
902 743 969 806 τῶν
982 735 1067 807 κατὰ
1082 737 1191 830 βραχη)

134 856 431 938 προσῳκειωμένων
451 860 523 930 τοῖς
545 854 650 929 θεοῖς,
670 841 699 935 ᾦ
720 848 767 935 μὴ
781 849 933 939 πάρεισιν
947 847 1049 930 εὐθὺς
1064 857 1095 917 οἱ
1111 855 1190 919 θεοὶ

133 967 193 1030 καὶ
213 960 444 1032 στασίστονται
483 962 550 1030 οὐκ
571 958 639 1050 ἄρα
661 960 705 1040 ὡς
731 957 815 1048 πρὸς
842 959 1059 1044 αἰσθητικοὺς
1080 960 1103 1045 ἢ
1122 981 1189 1053 υνυς

100 1071 255 1162 ὂχικσός,
276 1074 351 1142 κατ’
369 1073 456 1141 αὐτὰ
476 1077 513 1142 ’δὲ
533 1069 577 1140 τὰ
598 1077 682 1140 θεῖα
705 1071 774 1154 ε’ίδη
796 1076 853 1139 καὶ
874 1070 958 1162 πρὸς
971 1071 1092 1154 αὐτοὺς
1112 1073 1190 1154 τοὺς

135 1183 241 1264 θεοὺς
261 1190 421 1272 γίγνεται
426 1185 540 1253 αὐτῶν
553 1211 577 1266 η
591 1179 676 1251 κατὰ
690 1208 729 1252 το
719 1181 888 1252 δυνατόν
902 1185 1069 1267 anatona.
1108 1183 1189 1253 dore

134 1300 192 1364 xci
217 1302 295 1386 περὶ
331 1295 454 1420 ταύτης
482 1301 543 1379 τῆς
570 1299 757 1382 διαιρέσεως
793 1294 1010 1382 αιιοχρόντως
1040 1295 1188 1386 όντιιρη·

100 1418 274 1494 ῡκαμτν.
543 1448 546 1454 ·
699 1462 703 1473 .
1080 1446 1084 1455 .
1168 1446 1179 1474 -.·

220 1440 351 1608 Ἕχεται
372 1524 416 1587 δὲ
429 1517 550 1601 ταύτης
571 1527 607 1586 ὲν
627 1529 698 1596 τοῖς
720 1531 791 1597 σοῖς
812 1518 1005 1606 γράμμασιν
1025 1518 1190 1606 ησεόματι
1209 1527 1247 1586 16

136 1638 194 1700 καὶ
214 1633 392 1718 εἰσωματίηι
416 1628 518 1709 θεοὺς
540 1627 707 1715 δαιμόνων
724 1632 918 1720 χωρίζουσα,
940 1635 1057 1720 μακρῷ
1071 1629 1113 1713 δή
1126 1655 1192 1698 τινι

81 1749 117 1801 1²
136 1751 309 1835 κοινοτέραν
332 1735 418 1811 οὖσα
431 1746 491 1825 τῆς
505 1740 676 1830 πρότερον,
696 1746 752 1808 καὶ
765 1745 928 1810 τοσοῦτον
948 1741 1117 1831 ἀπόχουσα
1131 1747 1191 1810 τοῦ

136 1853 181 1922 τόν
201 1853 369 1942 ἰδιώματα
378 1854 561 1936 circinatis
575 1853 692 1936 οὐσίας
704 1851 850 1945 φράζειν,
873 1851 954 1921 ὥστε
968 1853 1047 1940 μηδ’
1059 1853 1192 1921 εἰκάσαι
1203 1877 1233 1923 tt

139 1965 225 2034 εἶναι
244 1971 319 2055 περὶ
342 1966 452 2034 αὐτῶν
464 1967 555 2050 μηδὲ
577 1971 642 2034 τῶν
665 1962 921 2052 συμβεβηκότων
935 1966 1189 2044 αὐτοῖς’ὁτιοῦν·

85 2089 118 2138 15
137 2078 213 2145 οὐδὲ
235 2074 299 2165 γὰρ
322 2074 405 2145 αὐτὸ
427 2081 535 2157 τοῦτο,
557 2086 586 2144 st
606 2075 674 2158 ζῶό
695 2085 785 2145 ἐστιν
800 2075 822 2159 ἢ
836 2076 882 2163 μη
897 2080 964 2157 ζῶα
979 2083 1035 2145 καὶ
1050 2076 1191 2165 πότερον

134 2191 414 2279 1οτέρηταιζωῆς
436 2187 458 2271 ἢ
481 2188 551 2256 οὐδ’
571 2187 654 2266 ὅλως
677 2189 779 2271 αὐτῆς
807 2192 925 2266 δεῖται,
945 2186 1096 2257 ’δυνατόν
1124 2186 1191 2256 ἀπὸ

136 2297 263 2368 τούτων
283 2304 499 2381 κατανοῆσαι.
551 2306 599 2367 ἔτι
620 2306 731 2367 τοίνυν
753 2301 827 2367 ουδὲ
849 2304 918 2378 πῶς
938 2306 1065 2386 λέγεται
1087 2305 1192 2368 ταῦτα

209 2511 234 2561 ν.
263 2508 374 2584 περιρ
393 2512 426 2562 n.
517 2511 541 2561 o.
569 2508 635 2577 ιιεη]
652 2506 704 2578 ton
722 2511 756 2562 o.
844 2511 869 2563 ε.
898 2512 942 2563 ιω
959 2497 1010 2562 οἱ..
1029 2511 1064 2562 ο.
1085 2505 1097 2578 ιι
1119 2505 1192 2562 σπι-

207 2596 328 2667 χρόννως
345 2599 377 2651 Β.
433 2598 475 2649 11.
495 2594 539 2663 δή]
553 2597 583 2649 δέ
592 2596 626 2647 1).
717 2599 759 2650 12.
778 2595 920 2667 καινότερα
938 2597 968 2651 Β.
1023 2597 1123 2650 121³.
1141 2595 1191 2648 τοῦ

208 2681 254 2750 τὰ]
273 2682 363 2737 ταῦτα
381 2682 434 2746 ΛΟ,
462 2679 552 2735 ταῦτα
569 2680 646 2746 (corr.
663 2680 715 2736 τοῦ
732 2680 783 2750 τοὶ)
800 2683 833 2736 D.
906 2684 949 2737 13.
975 2684 1013 2753 μὴ
1031 2682 1139 2736 δικάσαι
1157 2684 1190 2735 D.

219 2764 353 2838 ΙΙεὶκόσας
371 2768 402 2821 Β.
493 2767 534 2822 11.
561 2765 666 2834 adnoto}
687 2771 729 2821 νῦν
746 2777 804 2829 τοῖς
821 2770 854 2833 B,
873 2765 966 2829 αῧτοῑς
983 2778 1040 2829 τοῖς
1057 2788 1142 2834 τοιεηο
1160 2768 1191 2820 Β.

210 2859 252 2908 15.
280 2854 405 2928 πότερον]
426 2854 554 2928 πρότερον
573 2856 606 2908 D.
998 2872 1002 2879 ’

139 3026 288 3089 offeruntur
306 3052 367 3089 eum
384 3032 438 3088 diis
456 3037 573 3111 spectari
592 3034 681 3100 debet,
705 3035 773 3088 etsi
792 3053 844 3109 qua
862 3037 1011 3111 reperiatur
1033 3036 1090 3093 sive
1108 3035 1193 3090 maior

139 3122 198 3176 sive
215 3122 303 3175 minor
321 3117 435 3175 affinitas
454 3130 482 3175 et
504 3118 667 3186 similitudo,
693 3117 793 3175 sufficit
815 3117 861 3174 illa
884 3119 919 3176 ad
941 3138 1019 3195 quam
1042 3120 1193 3193 quaerimus

139 3208 343 3263 connexionem:
361 3206 430 3263 nihil
447 3209 518 3263 enim
535 3207 680 3283 quidquam
699 3216 741 3262 est
758 3205 802 3261 vel
821 3207 927 3261 minima
939 3203 1071 3261 accedens
1081 3203 1116 3259 ad
1127 3203 1192 3258 deos

138 3295 310 3370 congruitate,
324 3296 389 3370 quin
400 3296 426 3350 ei
438 3314 499 3350 sese
509 3294 549 3350 dii
561 3296 652 3350 statim
663 3303 817 3369 praesentes
835 3289 1043 3349 accommodent.
1070 3287 1102 3343 iit
1113 3289 1193 3363 igitur

139 3400 273 3436 connexus
297 3381 349 3435 iste
371 3399 481 3456 precum
504 3401 565 3437 cum
587 3379 639 3435 diis
658 3388 787 3454 qnatenus
805 3377 845 3434 fas
867 3387 923 3444 eet,
945 3396 994 3431 nec
1016 3383 1105 3429 tamen
1127 3372 1193 3428 deos

137 3477 272 3542 tamquam
296 3465 438 3522 sensibiles
462 3476 508 3521 aut
530 3464 658 3521 animales
680 3467 840 3542 respiciunt,
863 3462 914 3519 sed
935 3470 1018 3539 prout
1039 3478 1132 3516 revera
1154 3458 1193 3515 dii

138 3562 209 3618 sunt,
229 3570 280 3606 nee
298 3549 350 3605 alio
368 3551 450 3609 modo
468 3570 546 3628 quam
564 3571 613 3629 per
630 3549 677 3606 illa
695 3570 763 3626 quae
781 3552 809 3605 in
828 3569 859 3605 se
875 3547 961 3603 latent
977 3545 1068 3602 divina
1084 3547 1191 3603 semina.

138 3641 229 3714 itaque
248 3635 349 3693 dehac
368 3638 540 3693 distinctione
558 3637 632 3713 quod
649 3639 715 3693 satis
733 3646 775 3692 est
792 3632 988 3711 respondimus.
1149 3682 1152 3689 ,

211 3720 346 3779 Cohaeret
364 3742 424 3779 cnm
442 3723 530 3780 isthac
547 3723 624 3779 alia'
615 3743 644 3778 nn
662 3723 771 3798 scriptis
790 3723 844 3776 tuis
862 3719 1019 3786 differentia,
1041 3739 1109 3796 qnae
1127 3718 1192 3774 deos
1211 3721 1250 3779 16

139 3832 154 3866 a
172 3809 346 3867 daemonibus
364 3828 414 3886 per
431 3812 636 3911 corporeitatem
653 3819 681 3865 et
698 3807 932 3883 incorporeitatem
949 3805 1096 3883 distinguit,
1114 3805 1193 3883 louge

140 3896 249 3974 quidem
268 3897 434 3952 communior
450 3897 535 3973 priori
554 3894 608 3964 iila,
628 3914 749 3971 quaeque
767 3902 868 3948 tantum
885 3892 961 3948 abest
977 3902 1008 3949 nt
1021 3913 1117 3949 eornm
1133 3911 1193 3969 pro·

139 3985 268 4060 prietates
287 3981 444 4039 essentiales
461 3982 601 4058 exprimat,
624 3991 654 4035 ut
676 3998 711 4035 ex
728 3998 759 4034 ea
776 3990 810 4034 ne
832 3978 958 4036 hariolari
975 3979 1084 4056 quidem
1105 3981 1141 4033 sit
1160 3977 1194 4032 de

141 4071 183 4136 iis,
202 4088 251 4124 nee
264 4068 298 4125 de
316 4068 499 4125 accidentibus
518 4084 609 4121 eorum
627 4065 842 4143 quibuscunque3
860 4087 894 4122 ne
906 4067 959 4123 hoo
971 4065 1087 4142 quidem,
1105 4074 1194 4120 utrum

141 4153 263 4210 animalia
281 4157 336 4212 sint
353 4174 445 4222 necne,
465 4164 492 4210 et
509 4162 599 4209 utrum
616 4153 670 4208 vita
688 4153 826 4230 priventur
843 4173 878 4209 an
895 4172 925 4208 ea
937 4154 1046 4208 omnino
1058 4169 1127 4227 opus
1138 4169 1193 4217 non

141 4240 265 4310 habeant,
282 4243 373 4319 possit
391 4242 453 4318 quis
471 4260 505 4299 ex
521 4239 572 4296 his
582 4240 757 4317 perspicue
785 4237 901 4317 amplius
918 4257 972 4293 non
986 4246 1028 4292 eat
1040 4235 1193 4294 aoniam

1011 4348 1028 4397 4
