2776 4876
215 365 291 407 mv
585 351 636 408 Th.
655 351 733 410 Gelai
752 352 893 409 dedicatio.

218 510 346 577 deferre
367 511 488 578 vellent
510 513 551 578 ad
571 513 708 581 iudicem
730 512 869 598 aliquem
891 511 1061 591 illustrem,
1091 531 1184 596 quem
1208 509 1268 574 do-

219 626 427 689 ctissimorum
448 626 612 691 hominum
641 637 674 691 et
696 625 795 691 seculi
818 645 993 703 consensu,
1022 633 1129 689 tantae
1159 624 1270 710 cogni-

219 738 299 802 tioni
321 741 451 802 maxime
473 737 625 804 idoneum
640 740 860 825 comperirent.
897 737 1097 823 Porphyrius
1113 736 1268 799 continuo

219 850 268 912 Te
280 850 341 912 Vir
362 847 534 915 clarissime
557 850 746 936 appellavit3
770 850 849 914 nihil
872 848 934 914 sibi
956 846 1058 912 videri
1074 850 1175 935 magis
1194 868 1271 912 con·

217 981 344 1048 gruum,
366 984 458 1048 quam
481 973 519 1027 ut
540 962 625 1048 apud
647 964 819 1028 societatis
834 961 1077 1045 philosophicae
1092 958 1271 1045 praesidem

220 1070 474 1157 disceptarentur
495 1077 702 1161 quaestiones
723 1077 844 1159 petitae
867 1095 904 1137 ex
928 1071 1030 1137 media
1058 1071 1270 1158 philosophia.

219 1204 280 1247 nec
301 1187 406 1249 minus
428 1185 565 1251 libenter
580 1188 670 1250 istam
687 1185 903 1251 conditionem
920 1187 1043 1270 accepit
1057 1183 1270 1255 Jamblichus;

219 1299 404 1381 aequiorem
431 1297 568 1364 indicem
596 1301 629 1363 in
659 1297 824 1387 religionis
853 1319 947 1362 causa
976 1300 1041 1378 (ita
1069 1295 1271 1374 inaudierat)

220 1408 268 1472 Te
292 1406 362 1472 dari
390 1431 487 1494 posse
515 1411 648 1476 nullum.
693 1432 760 1474 non
789 1410 995 1475 dissimulabo
1026 1431 1075 1473 me
1104 1410 1272 1492 utriusque

219 1523 409 1584 sententiam
437 1524 675 1610 comprobasse,
704 1522 862 1607 simulque
892 1533 1016 1586 tuarum
1045 1519 1272 1585 admissionum

218 1631 419 1717 praedicasse
433 1622 624 1700 facilitatem.
647 1637 783 1699 veniunt
796 1638 895 1722 igitur
911 1633 951 1698 ad
969 1634 1025 1711 Te,
1041 1633 1082 1696 V.
1096 1632 1138 1697 O.
1155 1631 1272 1697 Graeci

220 1747 323 1808 nostri
336 1744 412 1809 laeti
429 1755 461 1809 et
476 1745 612 1824 alacrem
634 1751 757 1834 partim,
773 1749 900 1831 opinor,
916 1743 1005 1831 quod
1020 1764 1130 1832 regum
1146 1742 1271 1828 palatiis

220 1859 348 1936 assueti,
363 1857 467 1921 aulam
482 1878 613 1944 quoque
628 1861 830 1936 Britanicam,
846 1859 895 1921 Te
910 1855 1047 1934 favente,
1071 1877 1105 1918 se
1121 1857 1271 1942 cognitu-

219 1989 274 2033 ros
295 1979 441 2054 sperent;
464 1973 579 2055 partim
602 1970 691 2055 quod
717 1971 765 2034 Te
789 1971 873 2033 nacti
896 1978 971 2032 sunt
993 1968 1160 2044 arbitrum,
1184 1965 1273 2051 apud

220 2101 314 2165 quem
329 2084 396 2145 suis
418 2082 526 2146 verbis
548 2081 652 2167 (quod
674 2082 844 2169 plurimum
868 2081 987 2144 relerre
1010 2078 1160 2161 credunt)
1184 2101 1273 2142 suam

221 2214 346 2256 causam
363 2191 521 2278 explicare
539 2196 674 2279 possint.
714 2197 802 2258 venit
819 2203 924 2257 tamen
938 2214 1001 2257 una
1021 2194 1192 2277 interpres;
1215 2190 1274 2255 du·

220 2327 289 2368 rum
306 2309 387 2371 enim
400 2306 614 2370 existimabam
626 2308 769 2370 homines
783 2327 919 2394 peregre
934 2308 1098 2369 venientes
1112 2303 1273 2368 dimittere

220 2418 288 2481 sine
312 2420 437 2484 comite.
482 2423 577 2484 istum
600 2420 700 2507 igitur
722 2420 874 2504 apposui,
905 2425 938 2480 et
959 2416 1068 2493 fidum,
1092 2418 1139 2479 uti
1162 2435 1273 2500 spero;

218 2550 292 2593 nam
315 2545 476 2617 comptum
499 2541 533 2596 et
555 2530 735 2618 elegantem
757 2533 827 2616 ipsi,
850 2539 887 2595 ut
910 2527 1104 2615 philosophi,
1126 2548 1193 2591 non
1216 2525 1273 2591 ad-

219 2639 350 2705 modum
371 2642 588 2726 requirebant.
634 2641 742 2706 addidi
766 2662 896 2727 quoque
911 2651 1006 2705 notas
1022 2638 1182 2724 quasdam,
1206 2649 1275 2703 tau-

221 2773 313 2836 quam
328 2758 460 2830 xenion3
483 2752 655 2818 reverebar
677 2775 753 2817 sane
776 2774 843 2817 non
858 2755 975 2817 Jovem
997 2751 1088 2816 illum
1110 2753 1273 2837 hospitum

220 2862 442 2950 neglectorum
458 2864 624 2945 vindicem,
647 2864 704 2929 sed
721 2866 770 2929 Te
787 2874 819 2929 et
834 2868 964 2953 genium
980 2875 1078 2942 tunm,
1103 2865 1159 2948 qui
1173 2868 1275 2929 omni·

220 2974 280 3039 bus
303 2974 344 3040 ad
365 2976 569 3042 humanitatis
592 2976 699 3042 olficia
716 2976 908 3064 praestanda
923 2978 1022 3064 longe
1038 2976 1167 3062 lateque
1181 2997 1275 3062 prae-

220 3084 318 3151 luces.
363 3087 453 3153 vides
475 3092 611 3169 interim,
634 3090 675 3154 V.
699 3091 744 3154 M.
769 3099 922 3175 quantum
945 3089 1020 3153 mihi
1042 3087 1154 3152 detua
1169 3087 1275 3152 indul-

220 3202 329 3287 gentia
351 3204 539 3287 permittam,
564 3206 617 3288 qni
634 3203 708 3266 Tibi
731 3205 824 3267 etiam
840 3223 900 3288 pro
917 3201 985 3265 aliis
1002 3199 1141 3287 obligari
1158 3197 1273 3263 audeo.

219 3309 303 3376 feres
326 3323 431 3378 autem
454 3314 536 3378 hanc
557 3335 656 3377 meam
680 3314 883 3379 ambitionem
908 3311 988 3377 illud
1004 3311 1157 3376 duntaxat
1178 3332 1274 3396 quae-

220 3434 351 3503 rentem,
375 3435 412 3491 ut
434 3424 552 3490 Graeci
576 3428 679 3489 nostri
701 3448 765 3489 una
789 3448 859 3490 cum
883 3425 1016 3490 aliarum
1039 3425 1183 3511 gentium
1205 3423 1274 3509 phi·

220 3534 365 3620 losophis
394 3536 435 3602 de
464 3547 521 3602 tuo
550 3540 677 3623 possint
705 3539 886 3625 patrocinio
915 3537 1062 3624 gloriari.
1108 3544 1209 3599 restat
1238 3545 1276 3599 ut

219 3649 307 3710 notis
329 3658 363 3712 et
382 3651 551 3735 interpreti
572 3661 685 3715 nostro
708 3659 794 3714 tuam
817 3648 949 3714 tutelam
972 3647 1151 3734 implorem.
1197 3669 1276 3733 que·

221 3768 337 3823 runtur
358 3769 445 3824 certe
467 3764 528 3825 viri
551 3761 650 3850 longe
673 3760 848 3826 doctissimi
870 3764 1054 3849 viperarum
1076 3765 1097 3824 i.
1114 3782 1142 3825 e.
1167 3760 1276 3824 obtre-

221 3879 379 3935 ctatorum
402 3870 498 3956 plena
521 3895 592 3938 esse
613 3877 728 3938 omnia.
774 3894 839 3938 non
865 3885 921 3954 est,
943 3884 1041 3960 puto,
1068 3874 1144 3936 mihi
1166 3883 1277 3958 postu-

220 3980 361 4060 landum,
382 3991 420 4046 nt
434 3981 547 4046 horum
562 4005 687 4051 morsus
702 3987 865 4076 effugiam.
906 3988 1014 4072 potuit
1029 3985 1113 4049 forte
1130 3984 1276 4071 Cyprius

220 4092 276 4159 ille
288 4096 449 4182 Hexagon
464 4096 498 4159 in
513 4094 603 4161 dolio
618 4103 814 4184 serpentium
830 4098 962 4164 illaesus
977 4100 1165 4163 consistere.
1211 4119 1276 4187 ego

222 4204 262 4271 de
285 4207 468 4274 Marsorum
491 4209 592 4294 stirpe
619 4229 687 4274 non
717 4232 786 4276 sum
816 4221 917 4277 ortus.
963 4221 1055 4278 tauto
1085 4211 1234 4277 obnixius
1257 4235 1276 4276 a
