2776 4876
160 356 214 408 204
1163 357 1218 418 Μ

162 507 243 576 ὄντα
266 509 382 586 οὐσίας
404 512 459 573 καὶ
482 505 547 573 ὅσα
570 512 735 587 παντελῶς
756 510 933 596 ὑπεραίρει,
963 507 1082 597 φύσεσί
1104 534 1139 577 τε
1161 516 1219 577 καὶ

162 618 340 705 δυνάμεσιν
363 625 487 706 ἑτέραις
506 621 635 706 χρῆται,
657 625 763 687 ταῦτα
787 620 846 707 οὐχ
868 618 924 687 οἴετ’
946 627 980 686 τί
1003 628 1092 687 ἐστιν
1106 616 1128 702 ἢ
1142 645 1220 688 ποι-

164 743 211 796 εῖν
242 738 286 807 είς
314 727 444 812 ἀλληλα
475 727 495 812 ἢ
524 733 684 817 δέχεσθαί
712 755 786 797 τινα
814 730 894 818 παρ’
914 728 1072 811 ἀλλήλων.
1118 736 1176 799 καὶ
1199 732 1255 801 dt

159 839 328 928 μολυσμὸς
350 835 409 910 οὖν
432 841 499 908 ἀπὸ
522 845 586 909 τῶν
610 839 730 909 ίνύλων
753 847 928 928 συμπίπτει
956 854 1026 920 τοῖς
1054 839 1122 910 ἀπὸ
1154 842 1220 909 σώ-

162 980 270 1039 ματος
291 954 404 1021 otium]
418 961 660 1040 κατεχομένοις,
682 958 738 1019 καὶ
760 950 798 1019 sd
822 950 889 1019 ἀπὸ
912 952 1036 1020 τούτων
1058 953 1220 1021 ἀποκαῶ

160 1052 322 1154 αίρεσθαι
359 1065 542 1150 ἀναγκαῖον
582 1070 728 1143 ἐκείνοις,
770 1061 834 1132 ὅσοι
869 1062 1009 1131 δύναται
1049 1063 1116 1131 ἀπὸ
1159 1070 1256 1147 τῆςο

158 1176 240 1259 ὕλης
267 1180 480 1263 μιαίνεσθαι·
516 1173 538 1240 ἀ
569 1176 598 1242 δ’
619 1171 693 1243 οὔτε
723 1176 807 1255 ὅλως
835 1180 899 1262 ἔχει
927 1172 1027 1266 φύσιν
1050 1173 1220 1265 διαιρετὴν

160 1286 233 1355 οὔτε
258 1286 398 1374 δύναμιν
419 1295 570 1369 κέκτηται
592 1290 651 1354 τοῦ
674 1290 884 1374 είσὸίχεσθαι
906 1294 951 1365 είς
972 1284 1074 1355 ἑαντά
1089 1283 1131 1354 τά
1148 1286 1219 1354 ἀπὸ

160 1405 219 1480 τῆς
238 1397 320 1481 ὕλης
341 1397 458 1480 πάθη,
489 1407 520 1466 τί
542 1395 584 1467 ἀν
607 1397 674 1466 ἀπὸ
697 1404 762 1467 τῶν
791 1397 912 1467 ὲνάλων
941 1400 1121 1483 μιανθείης
1149 1403 1255 1476 unico

66 1544 78 1557 ι
160 1510 188 1576 ‹t’
208 1515 331 1578 incocta
353 1506 421 1577 ἀπὸ
444 1516 509 1577 τῶν
531 1513 618 1597 spoia
646 1508 861 1594 παθημάτων
883 1507 906 1590 ἢ
928 1506 1033 1576 ἀλλον
1061 1513 1122 1576 τοῦ
1150 1512 1220 1576 τῶν

159 1620 350 1708 ἀνθρώπων
373 1625 625 1689 λπιθολοῦσθαι
646 1617 686 1688 τὸ
712 1627 822 1700 θεῖον,
852 1619 872 1687 d
894 1626 996 1705 μηδὲν
1018 1624 1083 1707 ἔχει
1103 1617 1220 1688 κοινὸν

160 1728 242 1819 πρὸς
264 1732 352 1816 ἡμᾶς
374 1737 431 1813 τῆς
459 1732 676 1818 ἀνθρωπίνης
705 1733 886 1810 ἀσθενείας
914 1745 1060 1820 κρεῖττον
1089 1735 1219 1819 προϋπ-
1238 1749 1270 1800 12

159 1842 278 1931 ἅωωνε

252 1954 431 2039 Οὐδέτερον
455 1952 521 2041 ἀρα
544 1958 694 2046 διαφέρει
716 1981 747 2020 τι
770 1969 840 2034 τοῖς
856 1959 959 2035 θεοῖς,
983 1952 1056 2022 οὔτε
1074 1953 1112 2021 τὸ
1128 1953 1220 2040 ἡμᾶς

140 2069 394 2158 Ιἐμπίπλασθαι
417 2065 535 2133 ὑλικῶν
558 2065 720 2151 σωμάτων
749 2064 933 2153 (οὐδὲγάρ
963 2074 1050 2133 ἐστιν
1079 2065 1165 2144 ὅλως
1187 2091 1220 2133 τι
1238 2088 1270 2137 15

159 2176 242 2265 πρὸς
264 2173 385 2253 αὐτοὺς
407 2181 513 2255 τοῦτο,
537 2178 611 2245 οὐδὲ
630 2182 827 2264 χραίνονται
848 2176 942 2244 αὐτοὶ
966 2176 1033 2243 ἀπὸ
1055 2181 1115 2258 τῆς
1138 2177 1218 2262 ἡμε-

160 2298 256 2376 τέρας
277 2291 422 2370 κηλῖδος,
453 2285 612 2374 ἄχραντον
640 2287 704 2376 γάρ
728 2297 789 2356 είσι
810 2287 919 2370 πάντη
948 2293 1004 2355 καὶ
1033 2287 1217 2374 ἀκήρατοι)

160 2399 235 2468 οὔτε
259 2400 287 2467 εί
308 2423 392 2476 τινες
407 2398 511 2465 ὑλικολ
528 2397 688 2485 σωμάτων
705 2400 805 2485 ἀτμοὶ
820 2406 894 2487 περὶ
908 2405 972 2484 γῆν
989 2399 1217 2467 ἀναδίδονται.
1239 2418 1271 2466 ts

231 2643 256 2693 2.
283 2643 372 2710 ἑτέρας
389 2640 421 2694 Β.
496 2643 556 2694 2³.
582 2647 656 2694 ποιεῖ
672 2644 702 2692 Α.
775 2643 800 2693 3.
826 2637 996 2712 παραλλήλων
1014 2643 1045 2693 Α.
1119 2644 1143 2693 5.
1168 2639 1216 2706 τὸ]

230 2726 266 2778 sic
285 2726 365 2791 ACD,
392 2746 442 2778 om.
464 2728 496 2778 0.
575 2728 616 2779 18.
645 2727 738 2785 odisses·
758 2729 787 2778 Α,

143 3017 189 3089 ⁴³¹¹
208 3013 261 3069 alio
284 3032 379 3088 genere
402 3016 534 3070 essentiae
556 3025 601 3071 aut
624 3015 703 3092 louge
726 3016 900 3070 eminentiora
923 3025 998 3083 sunt,
1021 3024 1168 3092 naturaque
1191 3025 1220 3071 et

162 3099 334 3177 qualitatibus
352 3101 467 3176 gaudent
484 3120 596 3178 prorsus
614 3100 687 3169 aliis,
711 3103 778 3158 baec
795 3121 849 3157 non
867 3111 983 3180 possunt
1004 3122 1065 3158 cum
1083 3099 1144 3157 aliis
1162 3121 1220 3157 mu·

161 3197 221 3244 tuas
239 3188 359 3244 actiones
377 3198 405 3243 et
422 3191 562 3266 passiones
580 3191 658 3244 tueri.
706 3208 788 3264 quare
806 3198 834 3243 et
851 3191 938 3245 omnis
962 3186 1077 3266 pollutio
1102 3210 1116 3243 a
1135 3188 1220 3245 rebus

162 3277 299 3352 corporeis
317 3275 412 3331 incidit
430 3278 457 3331 iu
477 3295 520 3331 res
538 3295 652 3352 corpore
671 3273 801 3330 materiali
819 3274 963 3354 praeditas,
987 3284 1015 3330 et
1032 3295 1048 3330 a
1065 3273 1147 3330 rebus
1166 3294 1220 3329 ma-

162 3361 301 3421 terialibus
319 3380 387 3438 opus
406 3371 496 3417 estse
514 3370 544 3416 ut
561 3372 674 3438 purgent
692 3382 730 3431 ea,
750 3380 924 3438 quaecunque
941 3371 1056 3438 possunt
1073 3380 1087 3415 a
1105 3362 1220 3416 materia

161 3450 350 3513 contaminari3
373 3467 546 3523 quaecunque
568 3467 633 3504 vero
651 3468 763 3525 prorsus
781 3457 877 3504 vacant
901 3446 1033 3503 divisibili
1050 3455 1143 3502 natura
1167 3467 1221 3503 nec

161 3537 288 3595 materiae
305 3535 461 3597 affectiones
479 3536 507 3589 in
526 3554 556 3590 se
574 3534 714 3590 admittere
731 3534 888 3590 naturaliter
904 3542 1027 3611 possunt,
1046 3535 1092 3609 qni
1108 3535 1221 3611 possint

163 3640 177 3685 a
196 3621 275 3677 rebus
293 3620 474 3680 materialibus
492 3619 578 3699 pollui
591 3620 715 3697 equidem
727 3640 781 3676 non
793 3621 880 3678 video.
927 3623 974 3697 qui
985 3630 1078 3698 potest
1089 3619 1220 3678 divinitas

162 3707 252 3766 vitiari
271 3711 337 3763 meis
350 3719 395 3764 aut
406 3707 516 3767 alterius
529 3711 648 3765 cuiusvis
661 3707 847 3764 homuncionis
859 3707 1039 3785 passionibus,
1058 3728 1127 3783 quae
1138 3706 1220 3784 longe

162 3797 342 3870 praestantior
360 3798 397 3850 sit
414 3795 534 3872 nihilque
552 3794 647 3851 babeat
664 3815 724 3850 curn
742 3803 835 3850 nostra
853 3792 957 3851 vilitate
975 3792 1070 3850 affine?

234 3879 326 3956 Quare
344 3891 467 3939 neutrum
484 3883 579 3939 horum
598 3882 631 3938 ad
650 3880 715 3937 deos
735 3881 880 3958 quidquam
893 3889 1005 3958 spectat,
1025 3883 1084 3937 sive
1095 3899 1145 3936 nos
1161 3901 1221 3936 cor·

162 3966 274 4044 poribus
293 3975 321 4021 et
338 3971 446 4023 materia
465 3970 589 4026 inebriati
608 3970 691 4024 simus
715 3977 782 4034 (nec
801 3971 872 4024 enim
890 3966 919 4022 id
937 3985 985 4022 eos
1002 3970 1099 4043 tangit,
1125 3987 1177 4024 uec
1201 3969 1220 4024 ii

162 4055 264 4111 uostris
283 4054 420 4130 spurcitiis
444 4065 669 4133 conspurcantur,
692 4058 785 4131 utiquc
802 4052 1022 4131 incorruptibiles
1045 4064 1108 4110 sunt
1131 4064 1159 4111 et
1183 4056 1222 4109 in·

162 4140 325 4207 violabiles)‚
345 4141 403 4195 sive
421 4159 535 4216 vapores
555 4142 662 4217 quidam
674 4164 688 4197 a
702 4143 860 4220 corporibus
873 4139 1024 4197 materiales
1037 4143 1107 4197 circa
1120 4151 1222 4198 terram
