2776 4876
211 354 236 420 6,
248 358 263 408 5
1213 359 1266 412 245

211 506 249 575 τὸ
272 505 435 598 ἀτρεπτόν
457 533 492 575 τε
520 513 576 575 καὶ
599 505 701 576 ἀυλον
724 513 779 576 καὶ
801 508 911 591 πάντη
934 509 1092 598 καθαρὸν
1114 514 1160 596 τῶ
1188 516 1265 598 μέλ-

211 622 302 687 λοντι
332 617 520 706 ἐπιβάλλειν
550 620 663 701 είωθε,
691 617 730 688 τὸ
760 623 794 687 δὲ
823 619 1087 707 συμμιγνύμενον
1114 619 1197 707 πρὸς
1225 621 1264 692 τὸ

175 746 190 798 3
212 729 390 815 ἀλόγιστον
418 728 672 824 καὶισκοτεινὸν
700 737 761 798 τοῦ
795 735 1037 817 σωματοειδοῦς
1070 736 1126 799 καὶ
1154 733 1266 803 ύλικοῦ

209 844 393 927 πληροῦται
415 845 540 924 πολλῆς
562 843 744 927 ἀγνωσίας·
775 840 861 909 ὅθεν
890 842 1043 910 οὐδέποτε
1066 841 1127 925 τὴν
1154 843 1266 912 τοιαύ-

208 976 270 1033 την
292 949 441 1038 τεχνικὴν
462 950 668 1036 κατασκευὴν
684 962 728 1033 είς
742 949 780 1021 τὸ
795 951 1022 1040 μαντεύεσθαι
1037 953 1268 1041 ἀποδέχεσθαι

175 1087 190 1138 6
211 1059 314 1143 ἀξιον.
338 1063 413 1130 οὐδὲ
433 1069 587 1153 χρῆσθαι
610 1065 693 1156 αὐτῇ
714 1069 767 1131 ἐπὶ
789 1063 935 1150 μεγάλης
949 1068 1095 1146 σπουδῆς
1110 1067 1167 1145 δεῖ,
1190 1066 1265 1134 οὐδὲ

210 1169 299 1259 ἀλληι
323 1180 480 1262 χρωμένῳ
508 1180 696 1242 πιστευτέον
724 1175 768 1254 ῶς
795 1181 902 1263 ἔχοντι
929 1174 1008 1262 παρ’
1027 1179 1134 1260 ἑαυτῷ
1160 1182 1267 1267 σαφίς

211 1289 265 1352 καί
288 1283 453 1374 γνοίριμόν
481 1308 522 1352 τι
540 1283 715 1371 τεκμήριον
742 1289 802 1367 τῆς
831 1286 1004 1368 ἀληθείας.
1050 1293 1198 1355 τοσαῦτα
1222 1285 1263 1372 δὴ

175 1400 264 1467 ικαὶ
286 1402 360 1487 περὶ
381 1399 441 1477 τῆς
462 1394 616 1478 τοιαύτης
638 1402 796 1484 μαντείας
817 1397 897 1481 ἡμῖν
919 1395 1077 1484 εἰρήσθω.

300 1511 385 1595 Φέρε
408 1503 450 1588 δὴ
474 1499 534 1574 οὖν
555 1511 707 1595 καὶπερὶ
737 1504 841 1574 ἀλλον
866 1514 980 1593 γένους
1002 1507 1149 1596 ἀποριῶν
1177 1509 1300 1582 ἀπο-6

207 1622 429 1703 κεκρυμμένην
451 1621 583 1703 έχοντος
597 1617 659 1699 τὴν
674 1622 785 1685 αίτίαν
806 1618 1027 1703 ποιησώμεθα
1042 1617 1158 1704 λόγον·
1182 1617 1264 1710 ὅπερ

156 1747 190 1796 12
210 1732 274 1815 ἔχει
295 1735 365 1814 μέν,
388 1728 431 1806 ῶς
452 1733 508 1795 καὶ
532 1727 572 1797 σύ
595 1726 695 1807 αὐτὸς
718 1732 820 1815 λέγεις
840 1726 1015 1814 βιαστικάς
1037 1728 1181 1810 ἀπειλάς,
1205 1754 1263 1817 με·

209 1841 330 1927 ρίζεται
352 1841 385 1904 δὲ
407 1844 482 1928 περὶ
508 1836 547 1906 τὸ
576 1842 712 1921 πλῆθος
740 1843 807 1906 τῶν
837 1839 979 1906 ἀπειλῶν
1006 1843 1212 1929 πολυμερῶς·
1240 1837 1263 1923 ἢ

208 1946 272 2038 γάρ
295 1944 354 2016 τὸν
376 1947 520 2037 οὐρανὸν
542 1947 764 2038 προσαροίξειν
793 1944 815 2031 ἢ
841 1946 883 2016 τά
911 1946 1037 2038 κρυπτά
1066 1956 1126 2032 τῆς
1142 1947 1264 2030 Ἴσιδος

156 2087 190 2136 15
209 2067 370 2152 έκφανεῖν,
402 2056 424 2143 ἢ
446 2058 483 2129 τὸ
507 2067 543 2129 έν
565 2059 701 2147 ἀβύσσῳ
724 2058 915 2149 ἀπόρρητον
937 2062 1052 2142 δείξειν
1079 2056 1102 2142 ἢ
1131 2059 1263 2143 στήσειν

279 2296 305 2346 4·
333 2291 496 2365 πληροῦται]
515 2296 569 2361 πλη
578 2330 672 2347 ......
691 2293 722 2344 Β.
801 2295 842 2347 10.
873 2297 938 2365 pipp
957 2294 988 2345 D.
1072 2295 1166 2347 10.st
1194 2291 1262 2346 ἀπο-

279 2383 432 2451 κεκρυμίνην
451 2380 485 2432 Ι).
576 2381 617 2432 14.
645 2377 839 2450 προσαρράξειν
859 2378 911 2430 AC.
933 2373 946 2447 ΙΙ
967 2379 1074 2449 κρυπτοὶ
1091 2377 1262 2448 τηςἼσιδος]

278 2465 314 2517 τοὶ
336 2460 484 2535 ἀπόκρυφα
506 2462 622 2534 ζωογόνα
647 2463 698 2517 τῶν
716 2464 798 2532 λόγων
822 2463 903 2531 κάλλη
926 2461 971 2530 της
986 2460 1082 2524 Ἴσιδος
1106 2464 1170 2516 infra
1194 2466 1218 2526 6,
1238 2467 1262 2516 7.

280 2552 322 2602 15.
350 2545 474 2616 ἀβύσσῳ]
496 2545 595 2618 Ἀβύδῳ
620 2550 683 2602 infra
708 2553 736 2613 6,
761 2553 788 2613 7;
816 2544 905 2615 ἀδύτῳ
930 2549 1001 2621 Tayl.
1026 2564 1052 2600 ut
1075 2549 1199 2622 Porphyr.
1221 2570 1261 2618 ap.

279 2635 466 2687 Theodoretum
483 2655 519 2702 gr.
532 2637 574 2689 aff.
593 2657 645 2689 cur.
663 2656 688 2704 p.
699 2636 734 2688 48
751 2636 823 2708 sylb.
841 2655 866 2703 p.
878 2636 929 2688 134
948 2634 1023 2686 Gaisf
1031 2656 1039 2701 ς
1057 2634 1164 2687 Osiridis
1176 2655 1262 2687 verum

279 2723 420 2792 sepulcrum
444 2721 529 2792 Abydi
552 2722 660 2790 positum
690 2721 764 2773 fuisse
791 2720 984 2791 praecipuorum
1008 2720 1187 2792 Aegyptiorum
1212 2735 1264 2774 erat

279 2807 375 2878 opinio.
407 2806 472 2859 Plut.
485 2808 516 2858 de
526 2808 551 2858 J.
564 2822 586 2859 et
599 2808 633 2859 0.
652 2807 695 2860 20.
746 2807 949 2875 15-p.246,1.
979 2805 1085 2874 στήσειν
1103 2807 1152 2876 τὴν
1170 2805 1262 2878 βάριν]

279 2895 295 2946 i.
308 2914 329 2945 e.
348 2891 407 2945 solis
426 2912 525 2944 cursum
544 2892 638 2959 sistere;
656 2891 725 2946 διότι
743 2888 869 2945 ούδίποτε
890 2892 999 2947 ίσταται
1017 2890 1031 2944 ὃ
1050 2891 1100 2944 τοῦ
1111 2891 1188 2962 ἡλίου
1201 2889 1263 2964 δρύ-

278 2998 336 3048 μος.
363 2978 427 3030 iufra
446 2979 470 3039 6,
490 2981 515 3030 7.
538 2980 574 3030 sol
593 2998 638 3047 per
656 2976 787 3028 duodecim
806 2976 856 3028 diei
874 2992 897 3028 et
915 2979 994 3030 noctis
1016 2980 1089 3030 horas
1112 2978 1198 3030 baride
1215 2977 1262 3029 cir-

280 3063 395 3117 cumferri
413 3065 554 3132 putabatur.
583 3063 762 3133 Champolliou
783 3064 845 3114 leur.
864 3066 888 3114 d'
908 3065 955 3129 Eg.
973 3084 998 3132 p.
1010 3064 1071 3116 236.

210 3266 280 3319 enim
294 3273 335 3319 est
347 3262 510 3318 immutabile
522 3261 694 3318 immateriale
707 3271 734 3317 et
744 3282 850 3338 purum,
869 3260 898 3317 id
909 3261 1053 3336 praecipue
1064 3259 1135 3315 solet
1146 3259 1262 3318 futurum

210 3351 325 3425 assequi,
345 3349 417 3424 quod
435 3369 500 3406 vero
519 3368 579 3404 cum
596 3348 677 3402 bruto
695 3357 722 3403 et
739 3348 909 3403 tenebricoso
922 3364 1066 3422 corporeae
1080 3356 1107 3401 et
1118 3345 1262 3401 materialis

210 3445 319 3490 naturae
338 3437 535 3498 commiscetur,
554 3433 583 3489 id
601 3453 707 3509 quoque
724 3432 839 3510 plurima
857 3433 1004 3508 ignorantia
1018 3430 1150 3508 oppletur.
1194 3428 1262 3486 banc

209 3522 290 3594 igitur
311 3519 485 3575 artificiosam
507 3520 627 3574 vaticinii
650 3517 798 3576 machinam
824 3538 912 3593 neque
933 3519 1054 3573 vaticinii
1083 3515 1194 3590 legitimi
1216 3533 1264 3569 no-

209 3606 281 3659 mine
299 3601 405 3678 dignam
423 3623 571 3671 censemus,
590 3625 676 3681 neque
694 3607 766 3662 serio
783 3602 957 3670 tractandam,
975 3621 1062 3677 neque
1080 3600 1157 3655 alteri
1168 3602 1262 3668 utenti,

209 3701 344 3764 tamquam
360 3687 469 3744 habenti
486 3687 589 3762 aliquid
605 3693 776 3768 perspicuum
794 3699 823 3745 et
840 3687 1007 3764 exploratum
1020 3689 1138 3743 veritatis
1150 3688 1261 3763 signum,

211 3772 373 3832 credendum
392 3783 441 3828 est.
489 3782 518 3827 et
534 3783 576 3829 tot
593 3775 664 3833 dicta
683 3779 738 3832 sint
755 3775 790 3831 de
807 3776 934 3830 vaticinio
951 3772 1112 3829 huiusmodi.

282 3864 339 3936 Age
356 3877 421 3925 vero
440 3858 602 3916 disseramus
621 3864 673 3917 iam
691 3861 725 3917 de
743 3860 796 3916 alio
816 3859 1009 3916 dubitationum
1027 3879 1131 3936 genere,
1154 3860 1299 3936 quarumb

212 3967 307 4004 causae
324 3946 454 4003 obscurae
472 3953 539 3999 sunt.
587 3948 613 4001 io
631 3944 684 4002 boc
701 3965 807 4022 genere,
825 3955 855 4000 ut
873 3948 932 4022 ipse
950 3947 998 4013 ais,
1016 3955 1079 4002 sunt
1095 3948 1184 4002 minae
1200 3943 1263 3999 illae

211 4031 358 4098 violentam
377 4041 404 4087 et
415 4039 540 4107 respectu
552 4031 664 4087 istarum
675 4032 805 4086 minarum
816 4031 868 4088 boc
879 4034 953 4089 varie
965 4031 1104 4102 dividitur3
1121 4027 1263 4105 aliquando

212 4121 283 4174 enim
301 4115 404 4174 caelum
422 4117 588 4194 disrumpere
606 4116 748 4194 aliquando
765 4116 846 4174 isidis
865 4116 969 4175 occulta
988 4117 1125 4193 divulgare
1136 4124 1181 4169 aut
1193 4133 1265 4170 arca*

213 4224 276 4261 num
293 4207 322 4260 in
340 4205 438 4280 abysso
461 4204 629 4262 reconditum
652 4203 793 4283 propalare
811 4215 856 4263 aut
872 4206 949 4262 barin
966 4207 1064 4260 sistere
1082 4209 1127 4257 aut
1145 4199 1263 4256 Osiridie
