<?xml version="1.0" encoding="UTF-8"?>
<!DOCTYPE html PUBLIC "-//W3C//DTD XHTML 1.0 Transitional//EN"
    "http://www.w3.org/TR/xhtml1/DTD/xhtml1-transitional.dtd">
<html xmlns="http://www.w3.org/1999/xhtml" xml:lang="en" lang="en">
 <head>
  <title>
</title>
<meta http-equiv="Content-Type" content="text/html;charset=utf-8" />
  <meta name='ocr-system' content='tesseract 3.04.00' />
  <meta name='ocr-capabilities' content='ocr_page ocr_carea ocr_par ocr_line ocrx_word'/>
</head>
<body>
  <div class='ocr_page' id='page_1' title='image "./jamblichidemyst00jambgoog_0127.png"; bbox 0 0 2776 4876; ppageno 0'>
   <div class='ocr_carea' id='block_1_1' title="bbox 200 368 1252 430">
    <p class='ocr_par' dir='ltr' id='par_1_1' title="bbox 200 368 1252 430">
     <span class='ocr_line' id='line_1_1' title="bbox 200 368 1252 430; baseline -0.004 -7"><span class='ocrx_word' id='word_1_1' title='bbox 200 368 237 423; x_wconf 84' lang='lat'><strong>38</strong></span> <span class='ocrx_word' id='word_1_2' title='bbox 1186 368 1210 430; x_wconf 82' lang='lat'><strong>1,</strong></span> <span class='ocrx_word' id='word_1_3' title='bbox 1223 368 1252 420; x_wconf 91' lang='grc'><strong>11</strong></span> 
     </span>
    </p>
   </div>
   <div class='ocr_carea' id='block_1_2' title="bbox 190 518 1313 2172">
    <p class='ocr_par' dir='ltr' id='par_1_2' title="bbox 190 518 1292 1392">
     <span class='ocr_line' id='line_1_2' title="bbox 251 518 1256 612; baseline -0.004 -21"><span class='ocrx_word' id='word_1_4' title='bbox 251 550 254 559; x_wconf 95' lang='grc'><strong><em>·</em></strong></span> <span class='ocrx_word' id='word_1_5' title='bbox 293 521 383 604; x_wconf 72' lang='lat' dir='ltr'><strong>Oine,</strong></span> <span class='ocrx_word' id='word_1_6' title='bbox 405 531 433 590; x_wconf 85' lang='lat' dir='ltr'><strong>et</strong></span> <span class='ocrx_word' id='word_1_7' title='bbox 455 521 507 590; x_wconf 82' lang='grc' dir='ltr'><strong>ὅτι</strong></span> <span class='ocrx_word' id='word_1_8' title='bbox 533 521 680 609; x_wconf 78' lang='grc' dir='ltr'><strong><em>μάλιστα</em></strong></span> <span class='ocrx_word' id='word_1_9' title='bbox 705 528 821 612; x_wconf 84' lang='grc' dir='ltr'><strong><em>χρείαν</em></strong></span> <span class='ocrx_word' id='word_1_10' title='bbox 849 518 912 610; x_wconf 81' lang='grc' dir='ltr'><strong><em>εἶχε</em></strong></span> <span class='ocrx_word' id='word_1_11' title='bbox 939 519 1111 602; x_wconf 74' lang='grc' dir='ltr'><strong><em>τοιαύτην,</em></strong></span> <span class='ocrx_word' id='word_1_12' title='bbox 1138 543 1256 606; x_wconf 78' lang='lat' dir='ltr'><strong>repaus-</strong></span> 
     </span>
     <span class='ocr_line' id='line_1_3' title="bbox 201 631 1256 721; baseline -0.004 -18"><span class='ocrx_word' id='word_1_13' title='bbox 201 634 310 718; x_wconf 78' lang='grc' dir='ltr'><strong><em>δεήθη</em></strong></span> <span class='ocrx_word' id='word_1_14' title='bbox 325 632 368 703; x_wconf 83' lang='grc' dir='ltr'><strong><em>ἄν</em></strong></span> <span class='ocrx_word' id='word_1_15' title='bbox 382 660 462 702; x_wconf 86' lang='grc' dir='ltr'><strong><em>ποτε</em></strong></span> <span class='ocrx_word' id='word_1_16' title='bbox 476 640 542 702; x_wconf 80' lang='grc' dir='ltr'><strong>τῶν</strong></span> <span class='ocrx_word' id='word_1_17' title='bbox 556 633 749 721; x_wconf 77' lang='grc' dir='ltr'><strong><em>ἀνθρώπων</em></strong></span> <span class='ocrx_word' id='word_1_18' title='bbox 762 642 807 713; x_wconf 85' lang='grc' dir='ltr'><strong><em>είς</em></strong></span> <span class='ocrx_word' id='word_1_19' title='bbox 822 631 882 716; x_wconf 82' lang='grc' dir='ltr'><strong>τὴν</strong></span> <span class='ocrx_word' id='word_1_20' title='bbox 893 631 1050 714; x_wconf 80' lang='grc' dir='ltr'><strong><em>τοιαύτην</em></strong></span> <span class='ocrx_word' id='word_1_21' title='bbox 1059 637 1256 718; x_wconf 70' lang='grc' dir='ltr'><strong><em>θρησκείαν,</em></strong></span> 
     </span>
     <span class='ocr_line' id='line_1_4' title="bbox 190 741 1290 838; baseline -0.005 -23"><span class='ocrx_word' id='word_1_22' title='bbox 190 743 284 829; x_wconf 71' lang='grc' dir='ltr'><strong><em>αὐτὴ</em></strong></span> <span class='ocrx_word' id='word_1_23' title='bbox 308 746 367 838; x_wconf 83' lang='grc' dir='ltr'><strong>ἀφ’</strong></span> <span class='ocrx_word' id='word_1_24' title='bbox 386 752 505 829; x_wconf 74' lang='grc' dir='ltr'><strong><em>ἑαυτῆς</em></strong></span> <span class='ocrx_word' id='word_1_25' title='bbox 526 751 583 814; x_wconf 86' lang='grc' dir='ltr'><strong>καὶ</strong></span> <span class='ocrx_word' id='word_1_26' title='bbox 605 743 672 813; x_wconf 84' lang='grc' dir='ltr'><strong>ἀπὸ</strong></span> <span class='ocrx_word' id='word_1_27' title='bbox 688 749 748 828; x_wconf 79' lang='grc' dir='ltr'><strong>τῆς</strong></span> <span class='ocrx_word' id='word_1_28' title='bbox 761 750 821 814; x_wconf 82' lang='grc' dir='ltr'><strong>τοῦ</strong></span> <span class='ocrx_word' id='word_1_29' title='bbox 834 742 961 831; x_wconf 80' lang='grc' dir='ltr'><strong><em>κόσμον</em></strong></span> <span class='ocrx_word' id='word_1_30' title='bbox 975 741 1104 834; x_wconf 82' lang='grc' dir='ltr'><strong><em>φύσεως</em></strong></span> <span class='ocrx_word' id='word_1_31' title='bbox 1125 747 1257 826; x_wconf 74' lang='grc' dir='ltr'><strong><em>καὶτῆς</em></strong></span> <span class='ocrx_word' id='word_1_32' title='bbox 1274 757 1290 808; x_wconf 84' lang='grc'>3</span> 
     </span>
     <span class='ocr_line' id='line_1_5' title="bbox 201 851 1257 952; baseline -0.002 -28"><span class='ocrx_word' id='word_1_33' title='bbox 201 865 237 927; x_wconf 79' lang='grc' dir='ltr'><strong><em>ἐν</em></strong></span> <span class='ocrx_word' id='word_1_34' title='bbox 257 862 297 952; x_wconf 80' lang='grc' dir='ltr'><strong>τῇ</strong></span> <span class='ocrx_word' id='word_1_35' title='bbox 318 865 441 944; x_wconf 80' lang='grc' dir='ltr'><strong><em>γενέσει</em></strong></span> <span class='ocrx_word' id='word_1_36' title='bbox 462 856 664 940; x_wconf 76' lang='grc' dir='ltr'><strong><em>τελειότητος</em></strong></span> <span class='ocrx_word' id='word_1_37' title='bbox 686 858 972 945; x_wconf 68' lang='grc' dir='ltr'><strong><em>ἀποπληρονμενη,</em></strong></span> <span class='ocrx_word' id='word_1_38' title='bbox 997 859 1053 922; x_wconf 78' lang='grc' dir='ltr'><strong>καὶ</strong></span> <span class='ocrx_word' id='word_1_39' title='bbox 1076 862 1103 924; x_wconf 86' lang='grc' dir='ltr'><strong><em>εί</em></strong></span> <span class='ocrx_word' id='word_1_40' title='bbox 1126 851 1200 923; x_wconf 79' lang='grc' dir='ltr'><strong><em>οἷόν</em></strong></span> <span class='ocrx_word' id='word_1_41' title='bbox 1221 878 1257 922; x_wconf 86' lang='grc' dir='ltr'><strong>τε</strong></span> 
     </span>
     <span class='ocr_line' id='line_1_6' title="bbox 200 962 1258 1057; baseline -0.004 -21"><span class='ocrx_word' id='word_1_42' title='bbox 200 974 299 1038; x_wconf 77' lang='grc' dir='ltr'><strong><em>τοῦτο</em></strong></span> <span class='ocrx_word' id='word_1_43' title='bbox 316 977 424 1052; x_wconf 70' lang='lat' dir='ltr'><strong>steen,</strong></span> <span class='ocrx_word' id='word_1_44' title='bbox 439 966 503 1057; x_wconf 84' lang='grc' dir='ltr'><strong>πρὸ</strong></span> <span class='ocrx_word' id='word_1_45' title='bbox 518 973 579 1037; x_wconf 82' lang='grc' dir='ltr'><strong>τοῦ</strong></span> <span class='ocrx_word' id='word_1_46' title='bbox 594 972 731 1037; x_wconf 77' lang='grc' dir='ltr'><strong><em>δεῖσθαι</em></strong></span> <span class='ocrx_word' id='word_1_47' title='bbox 744 964 1030 1054; x_wconf 78' lang='grc' dir='ltr'><strong><em>προλαμβάνοντα</em></strong></span> <span class='ocrx_word' id='word_1_48' title='bbox 1044 963 1082 1034; x_wconf 84' lang='grc' dir='ltr'><strong>τὸ</strong></span> <span class='ocrx_word' id='word_1_49' title='bbox 1098 962 1258 1053; x_wconf 78' lang='grc' dir='ltr'><strong><em>αὔταρκες</em></strong></span> 
     </span>
     <span class='ocr_line' id='line_1_7' title="bbox 201 1078 1292 1167; baseline 0.001 -19"><span class='ocrx_word' id='word_1_50' title='bbox 201 1079 256 1148; x_wconf 77' lang='lat' dir='ltr'><strong>deci</strong></span> <span class='ocrx_word' id='word_1_51' title='bbox 277 1079 339 1164; x_wconf 77' lang='lat' dir='ltr'><strong>triv</strong></span> <span class='ocrx_word' id='word_1_52' title='bbox 361 1082 500 1164; x_wconf 84' lang='grc' dir='ltr'><strong><em>ιἰνενδεῆ</em></strong></span> <span class='ocrx_word' id='word_1_53' title='bbox 522 1084 583 1149; x_wconf 83' lang='grc' dir='ltr'><strong>τοῦ</strong></span> <span class='ocrx_word' id='word_1_54' title='bbox 602 1079 730 1167; x_wconf 80' lang='grc' dir='ltr'><strong><em>κόσμον</em></strong></span> <span class='ocrx_word' id='word_1_55' title='bbox 753 1078 897 1160; x_wconf 86' lang='grc' dir='ltr'><strong><em>ὁλότητα</em></strong></span> <span class='ocrx_word' id='word_1_56' title='bbox 919 1082 975 1146; x_wconf 80' lang='grc' dir='ltr'><strong>καί</strong></span> <span class='ocrx_word' id='word_1_57' title='bbox 997 1078 1058 1160; x_wconf 79' lang='grc' dir='ltr'><strong>τὴν</strong></span> <span class='ocrx_word' id='word_1_58' title='bbox 1074 1082 1194 1160; x_wconf 80' lang='grc' dir='ltr'><strong><em>ίαοτῆς</em></strong></span> <span class='ocrx_word' id='word_1_59' title='bbox 1208 1085 1292 1149; x_wconf 80' lang='lat' dir='ltr'><strong>oi-tt</strong></span> 
     </span>
     <span class='ocr_line' id='line_1_8' title="bbox 201 1188 1258 1281; baseline -0.007 -19"><span class='ocrx_word' id='word_1_60' title='bbox 201 1197 298 1262; x_wconf 82' lang='grc' dir='ltr'><strong><em>κείαν</em></strong></span> <span class='ocrx_word' id='word_1_61' title='bbox 318 1190 570 1281; x_wconf 78' lang='grc' dir='ltr'><strong><em>ἀποπλήρωσιν,</em></strong></span> <span class='ocrx_word' id='word_1_62' title='bbox 599 1196 655 1257; x_wconf 86' lang='grc' dir='ltr'><strong>καί</strong></span> <span class='ocrx_word' id='word_1_63' title='bbox 677 1189 761 1259; x_wconf 79' lang='grc' dir='ltr'><strong><em>διότι</em></strong></span> <span class='ocrx_word' id='word_1_64' title='bbox 782 1189 887 1278; x_wconf 75' lang='grc' dir='ltr'><strong><em>μεστοὶ</em></strong></span> <span class='ocrx_word' id='word_1_65' title='bbox 909 1188 1019 1257; x_wconf 85' lang='grc' dir='ltr'><strong><em>πάντα</em></strong></span> <span class='ocrx_word' id='word_1_66' title='bbox 1042 1194 1108 1256; x_wconf 83' lang='grc' dir='ltr'><strong>τῶν</strong></span> <span class='ocrx_word' id='word_1_67' title='bbox 1129 1194 1258 1257; x_wconf 77' lang='grc' dir='ltr'><strong><em>οίιιείινν</em></strong></span> 
     </span>
     <span class='ocr_line' id='line_1_9' title="bbox 202 1302 869 1392; baseline -0.006 -20"><span class='ocrx_word' id='word_1_68' title='bbox 202 1305 347 1392; x_wconf 77' lang='grc' dir='ltr'><strong><em>ἀγαθῶν</em></strong></span> <span class='ocrx_word' id='word_1_69' title='bbox 368 1302 410 1371; x_wconf 79' lang='grc' dir='ltr'><strong>τὰ</strong></span> <span class='ocrx_word' id='word_1_70' title='bbox 432 1309 603 1392; x_wconf 86' lang='grc' dir='ltr'><strong><em>κρείττονα</em></strong></span> <span class='ocrx_word' id='word_1_71' title='bbox 624 1308 702 1390; x_wconf 81' lang='grc' dir='ltr'><strong><em>γένη</em></strong></span> <span class='ocrx_word' id='word_1_72' title='bbox 724 1303 869 1390; x_wconf 80' lang='grc' dir='ltr'><strong><em>ὑπάρχει.</em></strong></span> 
     </span>
    </p>

    <p class='ocr_par' dir='ltr' id='par_1_3' title="bbox 202 1409 1313 2172">
     <span class='ocr_line' id='line_1_10' title="bbox 289 1409 1293 1503; baseline -0.004 -19"><span class='ocrx_word' id='word_1_73' title='bbox 289 1413 398 1498; x_wconf 79' lang='grc' dir='ltr'><strong><em>Κοινὴ</em></strong></span> <span class='ocrx_word' id='word_1_74' title='bbox 419 1421 480 1502; x_wconf 85' lang='grc' dir='ltr'><strong><em>μὲν</em></strong></span> <span class='ocrx_word' id='word_1_75' title='bbox 502 1409 562 1484; x_wconf 83' lang='grc' dir='ltr'><strong><em>οὖν</em></strong></span> <span class='ocrx_word' id='word_1_76' title='bbox 575 1415 680 1482; x_wconf 77' lang='grc' dir='ltr'><strong><em>ταῦθ’</em></strong></span> <span class='ocrx_word' id='word_1_77' title='bbox 699 1414 780 1500; x_wconf 83' lang='grc' dir='ltr'><strong><em>ἡμῖν</em></strong></span> <span class='ocrx_word' id='word_1_78' title='bbox 793 1419 876 1482; x_wconf 73' lang='grc' dir='ltr'><strong><em>ἔσται</em></strong></span> <span class='ocrx_word' id='word_1_79' title='bbox 889 1416 1093 1503; x_wconf 75' lang='grc' dir='ltr'><strong><em>παραμυθία</em></strong></span> <span class='ocrx_word' id='word_1_80' title='bbox 1107 1417 1181 1499; x_wconf 75' lang='grc' dir='ltr'><strong><em>περὶ</em></strong></span> <span class='ocrx_word' id='word_1_81' title='bbox 1197 1414 1260 1494; x_wconf 84' lang='grc' dir='ltr'><strong>τῆς</strong></span> <span class='ocrx_word' id='word_1_82' title='bbox 1276 1429 1293 1480; x_wconf 78' lang='lat' dir='ltr'><strong>t</strong></span> 
     </span>
     <span class='ocr_line' id='line_1_11' title="bbox 202 1524 1260 1616; baseline -0.003 -23"><span class='ocrx_word' id='word_1_83' title='bbox 202 1525 375 1616; x_wconf 82' lang='grc' dir='ltr'><strong><em>ἀχρόντοιν</em></strong></span> <span class='ocrx_word' id='word_1_84' title='bbox 387 1531 571 1616; x_wconf 76' lang='grc' dir='ltr'><strong><em>θρησκείας</em></strong></span> <span class='ocrx_word' id='word_1_85' title='bbox 581 1527 626 1607; x_wconf 80' lang='grc' dir='ltr'><strong>ὡς</strong></span> <span class='ocrx_word' id='word_1_86' title='bbox 636 1524 745 1603; x_wconf 78' lang='grc' dir='ltr'><strong><em>ἄλλως</em></strong></span> <span class='ocrx_word' id='word_1_87' title='bbox 753 1531 878 1605; x_wconf 68' lang='grc' dir='ltr'><strong><em>οἰκείοις</em></strong></span> <span class='ocrx_word' id='word_1_88' title='bbox 888 1526 1178 1612; x_wconf 82' lang='grc' dir='ltr'><strong><em>σνναρμοζομίνης</em></strong></span> <span class='ocrx_word' id='word_1_89' title='bbox 1187 1535 1260 1602; x_wconf 80' lang='grc' dir='ltr'><strong><em>τοῖς</em></strong></span> 
     </span>
     <span class='ocr_line' id='line_1_12' title="bbox 202 1630 1259 1729; baseline -0.004 -25"><span class='ocrx_word' id='word_1_90' title='bbox 202 1642 384 1729; x_wconf 85' lang='grc' dir='ltr'><strong><em>κρείττοσιν</em></strong></span> <span class='ocrx_word' id='word_1_91' title='bbox 406 1638 516 1724; x_wconf 79' lang='grc' dir='ltr'><strong><em>ἡμῶν,</em></strong></span> <span class='ocrx_word' id='word_1_92' title='bbox 545 1643 601 1706; x_wconf 89' lang='grc' dir='ltr'><strong>καὶ</strong></span> <span class='ocrx_word' id='word_1_93' title='bbox 624 1637 709 1706; x_wconf 81' lang='grc' dir='ltr'><strong><em>διότι</em></strong></span> <span class='ocrx_word' id='word_1_94' title='bbox 730 1635 872 1726; x_wconf 77' lang='grc' dir='ltr'><strong><em>καθαρὰ</em></strong></span> <span class='ocrx_word' id='word_1_95' title='bbox 899 1634 983 1725; x_wconf 79' lang='grc' dir='ltr'><strong><em>πρός</em></strong></span> <span class='ocrx_word' id='word_1_96' title='bbox 1004 1630 1182 1722; x_wconf 76' lang='grc' dir='ltr'><strong><em>καθαροὺς</em></strong></span> <span class='ocrx_word' id='word_1_97' title='bbox 1200 1638 1259 1700; x_wconf 81' lang='grc' dir='ltr'><strong>καὶ</strong></span> 
     </span>
     <span class='ocr_line' id='line_1_13' title="bbox 203 1745 1313 1837; baseline -0.003 -23"><span class='ocrx_word' id='word_1_98' title='bbox 203 1745 347 1831; x_wconf 74' lang='grc' dir='ltr'><strong><em>ἀπαθὴς</em></strong></span> <span class='ocrx_word' id='word_1_99' title='bbox 366 1746 452 1836; x_wconf 83' lang='grc' dir='ltr'><strong><em>πρός</em></strong></span> <span class='ocrx_word' id='word_1_100' title='bbox 473 1749 622 1829; x_wconf 76' lang='grc' dir='ltr'><strong><em>ἀπαθεῖς</em></strong></span> <span class='ocrx_word' id='word_1_101' title='bbox 643 1748 863 1837; x_wconf 79' lang='grc' dir='ltr'><strong><em>προσάγεται·</em></strong></span> <span class='ocrx_word' id='word_1_102' title='bbox 896 1747 941 1815; x_wconf 77' lang='grc' dir='ltr'><strong>τὰ</strong></span> <span class='ocrx_word' id='word_1_103' title='bbox 963 1749 993 1815; x_wconf 82' lang='grc' dir='ltr'><strong>δ’</strong></span> <span class='ocrx_word' id='word_1_104' title='bbox 1009 1756 1044 1816; x_wconf 77' lang='grc' dir='ltr'><strong><em>ἐν</em></strong></span> <span class='ocrx_word' id='word_1_105' title='bbox 1066 1759 1136 1825; x_wconf 77' lang='grc' dir='ltr'><strong><em>τοῖς</em></strong></span> <span class='ocrx_word' id='word_1_106' title='bbox 1150 1747 1258 1812; x_wconf 77' lang='grc' dir='ltr'><strong><em>καθέ-</em></strong></span> <span class='ocrx_word' id='word_1_107' title='bbox 1277 1760 1313 1811; x_wconf 82' lang='grc'><strong>12</strong></span> 
     </span>
     <span class='ocr_line' id='line_1_14' title="bbox 203 1858 1260 1952; baseline -0.004 -26"><span class='ocrx_word' id='word_1_108' title='bbox 203 1882 312 1927; x_wconf 89' lang='grc' dir='ltr'><strong><em>καοτα</em></strong></span> <span class='ocrx_word' id='word_1_109' title='bbox 333 1861 479 1940; x_wconf 74' lang='grc' dir='ltr'><strong><em>ἐπιόντες</em></strong></span> <span class='ocrx_word' id='word_1_110' title='bbox 499 1858 563 1944; x_wconf 81' lang='grc' dir='ltr'><strong><em>τήν</em></strong></span> <span class='ocrx_word' id='word_1_111' title='bbox 584 1868 644 1950; x_wconf 80' lang='grc' dir='ltr'><strong><em>μὲν</em></strong></span> <span class='ocrx_word' id='word_1_112' title='bbox 665 1866 732 1928; x_wconf 77' lang='grc' dir='ltr'><strong>τῶν</strong></span> <span class='ocrx_word' id='word_1_113' title='bbox 754 1865 891 1952; x_wconf 82' lang='grc' dir='ltr'><strong><em>φαλλῶν</em></strong></span> <span class='ocrx_word' id='word_1_114' title='bbox 912 1858 1030 1928; x_wconf 80' lang='grc' dir='ltr'><strong><em>στάσιν</em></strong></span> <span class='ocrx_word' id='word_1_115' title='bbox 1045 1863 1105 1941; x_wconf 84' lang='grc' dir='ltr'><strong>τῆς</strong></span> <span class='ocrx_word' id='word_1_116' title='bbox 1118 1861 1260 1943; x_wconf 83' lang='grc' dir='ltr'><strong><em>γονίμου</em></strong></span> 
     </span>
     <span class='ocr_line' id='line_1_15' title="bbox 204 1968 1259 2064; baseline -0.006 -25"><span class='ocrx_word' id='word_1_117' title='bbox 204 1968 373 2058; x_wconf 80' lang='grc' dir='ltr'><strong><em>δυνάμεως</em></strong></span> <span class='ocrx_word' id='word_1_118' title='bbox 394 1971 554 2061; x_wconf 75' lang='grc' dir='ltr'><strong><em>σύνθημά</em></strong></span> <span class='ocrx_word' id='word_1_119' title='bbox 577 2000 610 2041; x_wconf 92' lang='grc' dir='ltr'><strong>τι</strong></span> <span class='ocrx_word' id='word_1_120' title='bbox 632 1973 849 2064; x_wconf 76' lang='grc' dir='ltr'><strong><em>εἶναιφαμέν,</em></strong></span> <span class='ocrx_word' id='word_1_121' title='bbox 871 1978 927 2039; x_wconf 81' lang='grc' dir='ltr'><strong>καὶ</strong></span> <span class='ocrx_word' id='word_1_122' title='bbox 941 1972 1064 2053; x_wconf 79' lang='grc' dir='ltr'><strong><em>ταύτην</em></strong></span> <span class='ocrx_word' id='word_1_123' title='bbox 1084 1972 1259 2057; x_wconf 73' lang='lat' dir='ltr'><strong>reposuist-</strong></span> 
     </span>
     <span class='ocr_line' id='line_1_16' title="bbox 207 2076 1313 2172; baseline -0.004 -23"><span class='ocrx_word' id='word_1_124' title='bbox 207 2086 296 2150; x_wconf 76' lang='grc' dir='ltr'><strong><em>σθαι</em></strong></span> <span class='ocrx_word' id='word_1_125' title='bbox 317 2087 494 2171; x_wconf 82' lang='grc' dir='ltr'><strong><em>νομίζομεν</em></strong></span> <span class='ocrx_word' id='word_1_126' title='bbox 516 2093 562 2164; x_wconf 82' lang='grc' dir='ltr'><strong><em>τίς</em></strong></span> <span class='ocrx_word' id='word_1_127' title='bbox 582 2083 643 2166; x_wconf 80' lang='grc' dir='ltr'><strong>τὴν</strong></span> <span class='ocrx_word' id='word_1_128' title='bbox 665 2089 910 2172; x_wconf 87' lang='grc' dir='ltr'><strong><em>γενεοιονργίαν</em></strong></span> <span class='ocrx_word' id='word_1_129' title='bbox 932 2086 991 2150; x_wconf 84' lang='grc' dir='ltr'><strong>τοῦ</strong></span> <span class='ocrx_word' id='word_1_130' title='bbox 1013 2080 1154 2166; x_wconf 82' lang='grc' dir='ltr'><strong><em>κόσμον·</em></strong></span> <span class='ocrx_word' id='word_1_131' title='bbox 1188 2076 1260 2146; x_wconf 82' lang='grc' dir='ltr'><strong><em>διό-</em></strong></span> <span class='ocrx_word' id='word_1_132' title='bbox 1280 2095 1313 2146; x_wconf 82' lang='grc' dir='ltr'><strong>ιο</strong></span> 
     </span>
    </p>
   </div>
   <div class='ocr_carea' id='block_1_3' title="bbox 273 2304 1261 2968">
    <p class='ocr_par' dir='ltr' id='par_1_4' title="bbox 273 2304 1261 2968">
     <span class='ocr_line' id='line_1_17' title="bbox 276 2304 1258 2382; baseline -0.008 -18"><span class='ocrx_word' id='word_1_133' title='bbox 276 2314 301 2364; x_wconf 87' lang='grc'><strong>2.</strong></span> <span class='ocrx_word' id='word_1_134' title='bbox 329 2312 396 2382; x_wconf 74' lang='grc' dir='ltr'><strong><em>την]</em></strong></span> <span class='ocrx_word' id='word_1_135' title='bbox 418 2314 453 2364; x_wconf 86' lang='lat' dir='ltr'><strong>sic</strong></span> <span class='ocrx_word' id='word_1_136' title='bbox 474 2313 517 2365; x_wconf 87' lang='lat' dir='ltr'><strong>AC</strong></span> <span class='ocrx_word' id='word_1_137' title='bbox 536 2333 586 2365; x_wconf 90' lang='lat' dir='ltr'><strong>om.</strong></span> <span class='ocrx_word' id='word_1_138' title='bbox 606 2313 639 2365; x_wconf 89' lang='grc'><strong>0.</strong></span> <span class='ocrx_word' id='word_1_139' title='bbox 747 2313 772 2363; x_wconf 80' lang='grc'><strong>4.</strong></span> <span class='ocrx_word' id='word_1_140' title='bbox 800 2325 857 2380; x_wconf 79' lang='lat' dir='ltr'><strong>post</strong></span> <span class='ocrx_word' id='word_1_141' title='bbox 874 2314 969 2378; x_wconf 83' lang='grc' dir='ltr'><strong><em>γενίσει</em></strong></span> <span class='ocrx_word' id='word_1_142' title='bbox 989 2309 1033 2361; x_wconf 89' lang='lat' dir='ltr'><strong>AC</strong></span> <span class='ocrx_word' id='word_1_143' title='bbox 1051 2309 1145 2360; x_wconf 83' lang='lat' dir='ltr'><strong>addunt</strong></span> <span class='ocrx_word' id='word_1_144' title='bbox 1163 2304 1258 2374; x_wconf 75' lang='grc' dir='ltr'><strong>πόσης.</strong></span> 
     </span>
     <span class='ocr_line' id='line_1_18' title="bbox 273 2390 1258 2470; baseline -0.01 -15"><span class='ocrx_word' id='word_1_145' title='bbox 273 2401 299 2455; x_wconf 79' lang='grc'><strong>5.</strong></span> <span class='ocrx_word' id='word_1_146' title='bbox 326 2397 418 2467; x_wconf 70' lang='grc' dir='ltr'><strong><em>εἰπεῖν]</em></strong></span> <span class='ocrx_word' id='word_1_147' title='bbox 437 2404 460 2453; x_wconf 82' lang='grc' dir='ltr'><strong><em>εί</em></strong></span> <span class='ocrx_word' id='word_1_148' title='bbox 478 2398 533 2453; x_wconf 77' lang='grc' dir='ltr'><strong><em>πᾶν</em></strong></span> <span class='ocrx_word' id='word_1_149' title='bbox 551 2400 582 2453; x_wconf 90' lang='lat' dir='ltr'><strong>B.</strong></span> <span class='ocrx_word' id='word_1_150' title='bbox 603 2393 616 2467; x_wconf 86' lang='grc' dir='ltr'><strong>ΙΙ</strong></span> <span class='ocrx_word' id='word_1_151' title='bbox 636 2397 882 2470; x_wconf 75' lang='grc' dir='ltr'><strong><em>προσλαμβάνονσα</em></strong></span> <span class='ocrx_word' id='word_1_152' title='bbox 899 2398 933 2450; x_wconf 89' lang='grc' dir='ltr'><strong>Ο.</strong></span> <span class='ocrx_word' id='word_1_153' title='bbox 1025 2399 1049 2448; x_wconf 85' lang='grc'><strong>6.</strong></span> <span class='ocrx_word' id='word_1_154' title='bbox 1078 2390 1198 2461; x_wconf 58' lang='lat' dir='ltr'><strong>avertet]</strong></span> <span class='ocrx_word' id='word_1_155' title='bbox 1218 2399 1258 2446; x_wconf 71' lang='grc' dir='ltr'><strong><em>ἰν-</em></strong></span> 
     </span>
     <span class='ocr_line' id='line_1_19' title="bbox 274 2479 1258 2555; baseline -0.009 -19"><span class='ocrx_word' id='word_1_156' title='bbox 274 2482 320 2552; x_wconf 63' lang='lat' dir='ltr'><strong>dee}</strong></span> <span class='ocrx_word' id='word_1_157' title='bbox 333 2480 579 2555; x_wconf 71' lang='lat' dir='ltr'><strong>ABCD.ss{aurotc</strong></span> <span class='ocrx_word' id='word_1_158' title='bbox 599 2482 679 2535; x_wconf 86' lang='lat' dir='ltr'><strong>ACD.</strong></span> <span class='ocrx_word' id='word_1_159' title='bbox 753 2487 775 2536; x_wconf 81' lang='lat'><strong>7.</strong></span> <span class='ocrx_word' id='word_1_160' title='bbox 804 2479 1147 2554; x_wconf 73' lang='grc' dir='ltr'><strong><em>ἀποπλήρωσιν-οἰκείαν</em></strong></span> <span class='ocrx_word' id='word_1_161' title='bbox 1166 2500 1208 2532; x_wconf 90' lang='lat' dir='ltr'><strong>om</strong></span> <span class='ocrx_word' id='word_1_162' title='bbox 1227 2483 1258 2530; x_wconf 93' lang='lat' dir='ltr'><strong>A.</strong></span> 
     </span>
     <span class='ocr_line' id='line_1_20' title="bbox 273 2563 1256 2639; baseline -0.008 -18"><span class='ocrx_word' id='word_1_163' title='bbox 273 2572 298 2622; x_wconf 83' lang='lat'><strong>8.</strong></span> <span class='ocrx_word' id='word_1_164' title='bbox 326 2567 450 2639; x_wconf 75' lang='grc' dir='ltr'><strong><em>ἀγαθῶν]</em></strong></span> <span class='ocrx_word' id='word_1_165' title='bbox 470 2567 583 2638; x_wconf 75' lang='grc' dir='ltr'><strong><em>ἀγαθῶν</em></strong></span> <span class='ocrx_word' id='word_1_166' title='bbox 600 2573 671 2623; x_wconf 75' lang='grc' dir='ltr'><strong><em>θεῶν</em></strong></span> <span class='ocrx_word' id='word_1_167' title='bbox 691 2577 722 2624; x_wconf 88' lang='lat' dir='ltr'><strong>A.</strong></span> <span class='ocrx_word' id='word_1_168' title='bbox 794 2571 819 2622; x_wconf 77' lang='lat'><strong>9.</strong></span> <span class='ocrx_word' id='word_1_169' title='bbox 847 2571 920 2622; x_wconf 78' lang='grc' dir='ltr'><strong><em>κοινὰ</em></strong></span> <span class='ocrx_word' id='word_1_170' title='bbox 941 2572 971 2619; x_wconf 88' lang='lat' dir='ltr'><strong>A.</strong></span> <span class='ocrx_word' id='word_1_171' title='bbox 1049 2569 1092 2622; x_wconf 88' lang='grc'><strong>10.</strong></span> <span class='ocrx_word' id='word_1_172' title='bbox 1120 2563 1256 2636; x_wconf 76' lang='grc' dir='ltr'><strong><em>ἀχράντοο</em></strong></span> 
     </span>
     <span class='ocr_line' id='line_1_21' title="bbox 275 2650 1261 2728; baseline -0.005 -21"><span class='ocrx_word' id='word_1_173' title='bbox 275 2657 329 2719; x_wconf 86' lang='lat' dir='ltr'><strong>AC,</strong></span> <span class='ocrx_word' id='word_1_174' title='bbox 357 2652 490 2728; x_wconf 77' lang='grc' dir='ltr'><strong><em>ἅκράντον</em></strong></span> <span class='ocrx_word' id='word_1_175' title='bbox 508 2658 542 2708; x_wconf 85' lang='grc' dir='ltr'><strong>Ι).</strong></span> <span class='ocrx_word' id='word_1_176' title='bbox 565 2651 577 2726; x_wconf 88' lang='grc' dir='ltr'><strong>ΙΙ</strong></span> <span class='ocrx_word' id='word_1_177' title='bbox 598 2653 692 2724; x_wconf 76' lang='grc' dir='ltr'><strong><em>ἄλλως]</em></strong></span> <span class='ocrx_word' id='word_1_178' title='bbox 711 2659 746 2711; x_wconf 77' lang='grc' dir='ltr'><strong>τὰ</strong></span> <span class='ocrx_word' id='word_1_179' title='bbox 766 2653 793 2711; x_wconf 73' lang='grc' dir='ltr'><strong><em>τ’</em></strong></span> <span class='ocrx_word' id='word_1_180' title='bbox 808 2653 878 2709; x_wconf 74' lang='grc' dir='ltr'><strong><em>ἄλλοι</em></strong></span> <span class='ocrx_word' id='word_1_181' title='bbox 897 2661 927 2717; x_wconf 97' lang='lat' dir='ltr'><strong>A,</strong></span> <span class='ocrx_word' id='word_1_182' title='bbox 954 2651 982 2707; x_wconf 78' lang='grc' dir='ltr'><strong>τ’</strong></span> <span class='ocrx_word' id='word_1_183' title='bbox 997 2650 1066 2708; x_wconf 73' lang='grc' dir='ltr'><strong><em>ἄλλα</em></strong></span> <span class='ocrx_word' id='word_1_184' title='bbox 1084 2654 1113 2716; x_wconf 89' lang='lat' dir='ltr'><strong>C,</strong></span> <span class='ocrx_word' id='word_1_185' title='bbox 1131 2673 1182 2704; x_wconf 88' lang='lat' dir='ltr'><strong>om.</strong></span> <span class='ocrx_word' id='word_1_186' title='bbox 1201 2651 1261 2718; x_wconf 76' lang='lat' dir='ltr'><strong>BD,</strong></span> 
     </span>
     <span class='ocr_line' id='line_1_22' title="bbox 275 2729 1260 2814; baseline -0.004 -20"><span class='ocrx_word' id='word_1_187' title='bbox 275 2745 317 2794; x_wconf 88' lang='lat' dir='ltr'><strong>sed</strong></span> <span class='ocrx_word' id='word_1_188' title='bbox 335 2745 426 2796; x_wconf 86' lang='lat' dir='ltr'><strong>babent</strong></span> <span class='ocrx_word' id='word_1_189' title='bbox 444 2744 567 2794; x_wconf 87' lang='lat' dir='ltr'><strong>lacunam.</strong></span> <span class='ocrx_word' id='word_1_190' title='bbox 645 2746 687 2797; x_wconf 84' lang='lat'><strong>12.</strong></span> <span class='ocrx_word' id='word_1_191' title='bbox 714 2740 827 2812; x_wconf 69' lang='grc' dir='ltr'><strong><em>ἀπαθὴς</em></strong></span> <span class='ocrx_word' id='word_1_192' title='bbox 846 2743 913 2814; x_wconf 78' lang='grc' dir='ltr'><strong><em>πρὸς</em></strong></span> <span class='ocrx_word' id='word_1_193' title='bbox 932 2763 982 2794; x_wconf 89' lang='lat' dir='ltr'><strong>om.</strong></span> <span class='ocrx_word' id='word_1_194' title='bbox 1002 2745 1034 2793; x_wconf 87' lang='lat' dir='ltr'><strong>A.</strong></span> <span class='ocrx_word' id='word_1_195' title='bbox 1112 2740 1153 2792; x_wconf 75' lang='lat'><strong>14.</strong></span> <span class='ocrx_word' id='word_1_196' title='bbox 1182 2729 1260 2804; x_wconf 74' lang='lat' dir='ltr'><strong>sirus}</strong></span> 
     </span>
     <span class='ocr_line' id='line_1_23' title="bbox 275 2826 1261 2899; baseline -0.001 -21"><span class='ocrx_word' id='word_1_197' title='bbox 275 2827 310 2878; x_wconf 83' lang='lat' dir='ltr'><strong>sic</strong></span> <span class='ocrx_word' id='word_1_198' title='bbox 328 2828 407 2889; x_wconf 82' lang='lat' dir='ltr'><strong>Aen,</strong></span> <span class='ocrx_word' id='word_1_199' title='bbox 425 2849 475 2880; x_wconf 87' lang='lat' dir='ltr'><strong>orn.</strong></span> <span class='ocrx_word' id='word_1_200' title='bbox 495 2830 527 2882; x_wconf 92' lang='lat'><strong>0.</strong></span> <span class='ocrx_word' id='word_1_201' title='bbox 620 2832 716 2882; x_wconf 79' lang='lat' dir='ltr'><strong>1t.15.</strong></span> <span class='ocrx_word' id='word_1_202' title='bbox 745 2826 953 2899; x_wconf 72' lang='grc' dir='ltr'><strong><em>προκαλεῖσθαι]</em></strong></span> <span class='ocrx_word' id='word_1_203' title='bbox 972 2829 1006 2879; x_wconf 85' lang='lat' dir='ltr'><strong>sic</strong></span> <span class='ocrx_word' id='word_1_204' title='bbox 1024 2829 1081 2889; x_wconf 87' lang='lat' dir='ltr'><strong>AD,</strong></span> <span class='ocrx_word' id='word_1_205' title='bbox 1100 2828 1261 2897; x_wconf 64' lang='grc' dir='ltr'><strong><em>προσκαλεῖ-</em></strong></span> 
     </span>
     <span class='ocr_line' id='line_1_24' title="bbox 277 2915 401 2968; baseline -0.024 0"><span class='ocrx_word' id='word_1_206' title='bbox 277 2921 351 2968; x_wconf 74' lang='grc' dir='ltr'><strong><em>σθαι</em></strong></span> <span class='ocrx_word' id='word_1_207' title='bbox 368 2915 401 2967; x_wconf 84' lang='grc'><strong>0.</strong></span> 
     </span>
    </p>
   </div>
   <div class='ocr_carea' id='block_1_4' title="bbox 204 3120 1305 4324">
    <p class='ocr_par' dir='ltr' id='par_1_5' title="bbox 204 3120 1305 3697">
     <span class='ocr_line' id='line_1_25' title="bbox 277 3120 1263 3201; baseline -0.003 -23"><span class='ocrx_word' id='word_1_208' title='bbox 277 3120 380 3198; x_wconf 80' lang='lat' dir='ltr'>Neque,</span> <span class='ocrx_word' id='word_1_209' title='bbox 399 3132 429 3178; x_wconf 92' lang='lat' dir='ltr'><strong>ut</strong></span> <span class='ocrx_word' id='word_1_210' title='bbox 447 3122 539 3180; x_wconf 90' lang='lat' dir='ltr'><strong>demus</strong></span> <span class='ocrx_word' id='word_1_211' title='bbox 559 3145 625 3201; x_wconf 89' lang='lat' dir='ltr'><strong>opus</strong></span> <span class='ocrx_word' id='word_1_212' title='bbox 646 3127 671 3180; x_wconf 90' lang='lat' dir='ltr'><strong>ei</strong></span> <span class='ocrx_word' id='word_1_213' title='bbox 689 3127 803 3180; x_wconf 86' lang='lat' dir='ltr'><strong>maxime</strong></span> <span class='ocrx_word' id='word_1_214' title='bbox 821 3146 882 3180; x_wconf 89' lang='lat' dir='ltr'><strong>esse</strong></span> <span class='ocrx_word' id='word_1_215' title='bbox 900 3122 948 3179; x_wconf 76' lang='lat' dir='ltr'><strong>bis‘</strong></span> <span class='ocrx_word' id='word_1_216' title='bbox 962 3122 1051 3190; x_wconf 89' lang='lat' dir='ltr'><strong>rebus,</strong></span> <span class='ocrx_word' id='word_1_217' title='bbox 1075 3121 1208 3198; x_wconf 74' lang='lat' dir='ltr'><strong>indigeret</strong></span> <span class='ocrx_word' id='word_1_218' title='bbox 1226 3131 1263 3176; x_wconf 89' lang='lat' dir='ltr'><strong>ta·</strong></span> 
     </span>
     <span class='ocr_line' id='line_1_26' title="bbox 207 3205 1305 3288; baseline 0.001 -24"><span class='ocrx_word' id='word_1_219' title='bbox 207 3228 267 3264; x_wconf 91' lang='lat' dir='ltr'><strong>men</strong></span> <span class='ocrx_word' id='word_1_220' title='bbox 285 3207 422 3265; x_wconf 88' lang='lat' dir='ltr'><strong>bominum</strong></span> <span class='ocrx_word' id='word_1_221' title='bbox 440 3228 521 3287; x_wconf 87' lang='lat' dir='ltr'><strong>opera</strong></span> <span class='ocrx_word' id='word_1_222' title='bbox 539 3209 662 3266; x_wconf 90' lang='lat' dir='ltr'><strong>adhunc</strong></span> <span class='ocrx_word' id='word_1_223' title='bbox 680 3205 795 3278; x_wconf 82' lang='lat' dir='ltr'><strong>cultum,</strong></span> <span class='ocrx_word' id='word_1_224' title='bbox 818 3230 878 3266; x_wconf 90' lang='lat' dir='ltr'><strong>nam</strong></span> <span class='ocrx_word' id='word_1_225' title='bbox 901 3210 1023 3288; x_wconf 79' lang='lat' dir='ltr'>expletur</span> <span class='ocrx_word' id='word_1_226' title='bbox 1044 3216 1100 3263; x_wconf 92' lang='lat' dir='ltr'><strong>tum</strong></span> <span class='ocrx_word' id='word_1_227' title='bbox 1121 3228 1136 3262; x_wconf 81' lang='lat' dir='ltr'><strong>a</strong></span> <span class='ocrx_word' id='word_1_228' title='bbox 1154 3226 1184 3262; x_wconf 90' lang='lat' dir='ltr'><strong>se</strong></span> <span class='ocrx_word' id='word_1_229' title='bbox 1202 3207 1263 3284; x_wconf 82' lang='lat' dir='ltr'><strong>ipse</strong></span> <span class='ocrx_word' id='word_1_230' title='bbox 1296 3250 1305 3265; x_wconf 83' lang='grc'><strong>.</strong></span> 
     </span>
     <span class='ocr_line' id='line_1_27' title="bbox 206 3294 1262 3374; baseline -0.002 -24"><span class='ocrx_word' id='word_1_231' title='bbox 206 3305 262 3351; x_wconf 89' lang='lat' dir='ltr'><strong>tum</strong></span> <span class='ocrx_word' id='word_1_232' title='bbox 279 3316 294 3350; x_wconf 82' lang='lat' dir='ltr'><strong>a</strong></span> <span class='ocrx_word' id='word_1_233' title='bbox 312 3305 404 3351; x_wconf 87' lang='lat' dir='ltr'><strong>natura</strong></span> <span class='ocrx_word' id='word_1_234' title='bbox 422 3294 513 3352; x_wconf 88' lang='lat' dir='ltr'><strong>mundi</strong></span> <span class='ocrx_word' id='word_1_235' title='bbox 532 3305 621 3352; x_wconf 91' lang='lat' dir='ltr'><strong>tuma</strong></span> <span class='ocrx_word' id='word_1_236' title='bbox 644 3295 844 3374; x_wconf 76' lang='lat' dir='ltr'><strong>pulchritudine</strong></span> <span class='ocrx_word' id='word_1_237' title='bbox 863 3317 930 3373; x_wconf 87' lang='lat' dir='ltr'><strong>quae</strong></span> <span class='ocrx_word' id='word_1_238' title='bbox 953 3297 982 3351; x_wconf 90' lang='lat' dir='ltr'><strong>iu</strong></span> <span class='ocrx_word' id='word_1_239' title='bbox 1004 3296 1096 3371; x_wconf 81' lang='lat' dir='ltr'><strong>genesi</strong></span> <span class='ocrx_word' id='word_1_240' title='bbox 1118 3295 1262 3370; x_wconf 85' lang='lat' dir='ltr'><strong>reperitur,</strong></span> 
     </span>
     <span class='ocr_line' id='line_1_28' title="bbox 206 3379 1262 3460; baseline -0.002 -24"><span class='ocrx_word' id='word_1_241' title='bbox 206 3391 233 3436; x_wconf 89' lang='lat' dir='ltr'><strong>et</strong></span> <span class='ocrx_word' id='word_1_242' title='bbox 250 3383 274 3437; x_wconf 88' lang='lat' dir='ltr'><strong>si</strong></span> <span class='ocrx_word' id='word_1_243' title='bbox 293 3381 342 3438; x_wconf 83' lang='lat' dir='ltr'><strong>lari</strong></span> <span class='ocrx_word' id='word_1_244' title='bbox 360 3384 396 3438; x_wconf 83' lang='lat' dir='ltr'><strong>ita</strong></span> <span class='ocrx_word' id='word_1_245' title='bbox 415 3379 503 3450; x_wconf 86' lang='lat' dir='ltr'><strong>liceat,</strong></span> <span class='ocrx_word' id='word_1_246' title='bbox 521 3384 677 3460; x_wconf 76' lang='lat' dir='ltr'>priusquam</span> <span class='ocrx_word' id='word_1_247' title='bbox 694 3386 783 3460; x_wconf 80' lang='lat' dir='ltr'><strong>possit</strong></span> <span class='ocrx_word' id='word_1_248' title='bbox 800 3383 920 3460; x_wconf 82' lang='lat' dir='ltr'><strong>indigere</strong></span> <span class='ocrx_word' id='word_1_249' title='bbox 938 3383 1035 3460; x_wconf 83' lang='lat' dir='ltr'><strong>recipit</strong></span> <span class='ocrx_word' id='word_1_250' title='bbox 1048 3379 1120 3457; x_wconf 83' lang='lat' dir='ltr'><strong>qnod</strong></span> <span class='ocrx_word' id='word_1_251' title='bbox 1137 3383 1203 3435; x_wconf 85' lang='lat' dir='ltr'><strong>satis</strong></span> <span class='ocrx_word' id='word_1_252' title='bbox 1216 3381 1262 3452; x_wconf 89' lang='lat' dir='ltr'><strong>sit,</strong></span> 
     </span>
     <span class='ocr_line' id='line_1_29' title="bbox 205 3467 1263 3547; baseline 0.002 -25"><span class='ocrx_word' id='word_1_253' title='bbox 205 3478 262 3523; x_wconf 92' lang='lat' dir='ltr'><strong>tum</strong></span> <span class='ocrx_word' id='word_1_254' title='bbox 273 3478 386 3546; x_wconf 87' lang='lat' dir='ltr'><strong>propter</strong></span> <span class='ocrx_word' id='word_1_255' title='bbox 397 3468 594 3526; x_wconf 84' lang='lat' dir='ltr'><strong>indeficientem</strong></span> <span class='ocrx_word' id='word_1_256' title='bbox 606 3468 697 3525; x_wconf 89' lang='lat' dir='ltr'><strong>mundi</strong></span> <span class='ocrx_word' id='word_1_257' title='bbox 709 3468 910 3547; x_wconf 79' lang='lat' dir='ltr'><strong>perfectionem,</strong></span> <span class='ocrx_word' id='word_1_258' title='bbox 928 3478 984 3525; x_wconf 92' lang='lat' dir='ltr'><strong>tum</strong></span> <span class='ocrx_word' id='word_1_259' title='bbox 996 3477 1109 3546; x_wconf 89' lang='lat' dir='ltr'><strong>propter</strong></span> <span class='ocrx_word' id='word_1_260' title='bbox 1120 3468 1163 3523; x_wconf 91' lang='lat' dir='ltr'><strong>sui</strong></span> <span class='ocrx_word' id='word_1_261' title='bbox 1175 3467 1263 3543; x_wconf 88' lang='lat' dir='ltr'><strong>ipsius</strong></span> 
     </span>
     <span class='ocr_line' id='line_1_30' title="bbox 204 3551 1264 3634; baseline 0.003 -26"><span class='ocrx_word' id='word_1_262' title='bbox 204 3551 408 3630; x_wconf 84' lang='lat' dir='ltr'><strong>plenitudinem,</strong></span> <span class='ocrx_word' id='word_1_263' title='bbox 428 3565 455 3611; x_wconf 90' lang='lat' dir='ltr'><strong>et</strong></span> <span class='ocrx_word' id='word_1_264' title='bbox 473 3556 535 3633; x_wconf 82' lang='lat' dir='ltr'><strong>quia</strong></span> <span class='ocrx_word' id='word_1_265' title='bbox 554 3557 642 3610; x_wconf 88' lang='lat' dir='ltr'><strong>omnia</strong></span> <span class='ocrx_word' id='word_1_266' title='bbox 654 3555 764 3612; x_wconf 88' lang='lat' dir='ltr'><strong>meliora</strong></span> <span class='ocrx_word' id='word_1_267' title='bbox 777 3576 872 3633; x_wconf 89' lang='lat' dir='ltr'><strong>genera</strong></span> <span class='ocrx_word' id='word_1_268' title='bbox 885 3555 965 3634; x_wconf 91' lang='lat' dir='ltr'><strong>plena</strong></span> <span class='ocrx_word' id='word_1_269' title='bbox 978 3564 1042 3611; x_wconf 91' lang='lat' dir='ltr'><strong>sunt</strong></span> <span class='ocrx_word' id='word_1_270' title='bbox 1053 3552 1264 3611; x_wconf 86' lang='lat' dir='ltr'><strong>domesticorum</strong></span> 
     </span>
     <span class='ocr_line' id='line_1_31' title="bbox 206 3641 359 3697; baseline 0.007 -1"><span class='ocrx_word' id='word_1_271' title='bbox 206 3641 359 3697; x_wconf 81' lang='lat' dir='ltr'><strong>bonorum</strong></span> 
     </span>
    </p>

    <p class='ocr_par' dir='ltr' id='par_1_6' title="bbox 206 3723 1284 4324">
     <span class='ocr_line' id='line_1_32' title="bbox 225 3723 1264 3806; baseline 0.004 -26"><span class='ocrx_word' id='word_1_272' title='bbox 225 3728 229 3733; x_wconf 86' lang='grc'><strong>’</strong></span> <span class='ocrx_word' id='word_1_273' title='bbox 275 3723 348 3781; x_wconf 87' lang='lat' dir='ltr'><strong>llaec</strong></span> <span class='ocrx_word' id='word_1_274' title='bbox 365 3729 446 3802; x_wconf 89' lang='lat' dir='ltr'><strong>igitur</strong></span> <span class='ocrx_word' id='word_1_275' title='bbox 463 3730 490 3784; x_wconf 92' lang='lat' dir='ltr'><strong>in</strong></span> <span class='ocrx_word' id='word_1_276' title='bbox 508 3748 604 3804; x_wconf 84' lang='lat' dir='ltr'><strong>genere</strong></span> <span class='ocrx_word' id='word_1_277' title='bbox 622 3726 727 3784; x_wconf 83' lang='lat' dir='ltr'><strong>salvum</strong></span> <span class='ocrx_word' id='word_1_278' title='bbox 743 3738 880 3806; x_wconf 84' lang='lat' dir='ltr'><strong>praestare</strong></span> <span class='ocrx_word' id='word_1_279' title='bbox 902 3728 1011 3806; x_wconf 79' lang='lat' dir='ltr'><strong>possint</strong></span> <span class='ocrx_word' id='word_1_280' title='bbox 1033 3726 1185 3784; x_wconf 85' lang='lat' dir='ltr'><strong>divinorum</strong></span> <span class='ocrx_word' id='word_1_281' title='bbox 1208 3727 1264 3784; x_wconf 85' lang='lat' dir='ltr'><strong>cul·</strong></span> 
     </span>
     <span class='ocr_line' id='line_1_33' title="bbox 206 3810 1284 3892; baseline 0.005 -26"><span class='ocrx_word' id='word_1_282' title='bbox 206 3814 272 3879; x_wconf 86' lang='lat' dir='ltr'><strong>tum,</strong></span> <span class='ocrx_word' id='word_1_283' title='bbox 291 3810 363 3887; x_wconf 88' lang='lat' dir='ltr'><strong>qnod</strong></span> <span class='ocrx_word' id='word_1_284' title='bbox 380 3811 532 3872; x_wconf 88' lang='lat' dir='ltr'><strong>huiusmodi</strong></span> <span class='ocrx_word' id='word_1_285' title='bbox 550 3817 619 3872; x_wconf 81' lang='lat' dir='ltr'><strong>ritus</strong></span> <span class='ocrx_word' id='word_1_286' title='bbox 637 3817 702 3872; x_wconf 90' lang='lat' dir='ltr'><strong>satis</strong></span> <span class='ocrx_word' id='word_1_287' title='bbox 721 3824 784 3892; x_wconf 90' lang='lat' dir='ltr'><strong>apte</strong></span> <span class='ocrx_word' id='word_1_288' title='bbox 802 3814 1031 3872; x_wconf 84' lang='lat' dir='ltr'><strong>accommodemus</strong></span> <span class='ocrx_word' id='word_1_289' title='bbox 1048 3815 1153 3870; x_wconf 88' lang='lat' dir='ltr'><strong>naturis</strong></span> <span class='ocrx_word' id='word_1_290' title='bbox 1170 3824 1284 3871; x_wconf 82' lang='lat' dir='ltr'><strong>nostra·</strong></span> 
     </span>
     <span class='ocr_line' id='line_1_34' title="bbox 207 3899 1264 3980; baseline 0.005 -27"><span class='ocrx_word' id='word_1_291' title='bbox 207 3899 458 3976; x_wconf 76' lang='lat' dir='ltr'><strong>praestantioribus,</strong></span> <span class='ocrx_word' id='word_1_292' title='bbox 478 3912 504 3957; x_wconf 89' lang='lat' dir='ltr'><strong>et</strong></span> <span class='ocrx_word' id='word_1_293' title='bbox 523 3901 595 3978; x_wconf 85' lang='lat' dir='ltr'><strong>qnod</strong></span> <span class='ocrx_word' id='word_1_294' title='bbox 613 3922 680 3980; x_wconf 85' lang='lat' dir='ltr'><strong>pura</strong></span> <span class='ocrx_word' id='word_1_295' title='bbox 698 3900 827 3978; x_wconf 88' lang='lat' dir='ltr'><strong>religione</strong></span> <span class='ocrx_word' id='word_1_296' title='bbox 846 3902 879 3958; x_wconf 88' lang='lat' dir='ltr'><strong>ad</strong></span> <span class='ocrx_word' id='word_1_297' title='bbox 897 3902 963 3958; x_wconf 90' lang='lat' dir='ltr'><strong>deos</strong></span> <span class='ocrx_word' id='word_1_298' title='bbox 980 3920 1063 3979; x_wconf 90' lang='lat' dir='ltr'><strong>puros</strong></span> <span class='ocrx_word' id='word_1_299' title='bbox 1082 3910 1109 3956; x_wconf 87' lang='lat' dir='ltr'><strong>et</strong></span> <span class='ocrx_word' id='word_1_300' title='bbox 1121 3900 1264 3979; x_wconf 81' lang='lat' dir='ltr'><strong>impatibili</strong></span> 
     </span>
     <span class='ocr_line' id='line_1_35' title="bbox 207 3982 1264 4066; baseline 0.004 -27"><span class='ocrx_word' id='word_1_301' title='bbox 207 3982 242 4040; x_wconf 83' lang='lat' dir='ltr'><strong>ed</strong></span> <span class='ocrx_word' id='word_1_302' title='bbox 259 3983 421 4060; x_wconf 78' lang='lat' dir='ltr'><strong>impatibiles</strong></span> <span class='ocrx_word' id='word_1_303' title='bbox 441 3990 692 4065; x_wconf 86' lang='lat' dir='ltr'><strong>appropinquamus.</strong></span> <span class='ocrx_word' id='word_1_304' title='bbox 734 3988 768 4044; x_wconf 89' lang='lat' dir='ltr'><strong>ad</strong></span> <span class='ocrx_word' id='word_1_305' title='bbox 779 3986 961 4066; x_wconf 86' lang='lat' dir='ltr'><strong>&#39;particulares</strong></span> <span class='ocrx_word' id='word_1_306' title='bbox 985 4007 1050 4045; x_wconf 79' lang='lat' dir='ltr'><strong>vero</strong></span> <span class='ocrx_word' id='word_1_307' title='bbox 1074 3989 1216 4045; x_wconf 83' lang='lat' dir='ltr'><strong>instantias</strong></span> <span class='ocrx_word' id='word_1_308' title='bbox 1234 3998 1264 4045; x_wconf 91' lang='lat' dir='ltr'><strong>ut</strong></span> 
     </span>
     <span class='ocr_line' id='line_1_36' title="bbox 208 4070 1265 4152; baseline 0.005 -25"><span class='ocrx_word' id='word_1_309' title='bbox 208 4071 411 4139; x_wconf 87' lang='lat' dir='ltr'><strong>descendamus,</strong></span> <span class='ocrx_word' id='word_1_310' title='bbox 436 4070 548 4131; x_wconf 91' lang='lat' dir='ltr'><strong>dicimus</strong></span> <span class='ocrx_word' id='word_1_311' title='bbox 567 4072 718 4151; x_wconf 84' lang='lat' dir='ltr'><strong>phallorum</strong></span> <span class='ocrx_word' id='word_1_312' title='bbox 736 4077 897 4133; x_wconf 88' lang='lat' dir='ltr'><strong>erectionem</strong></span> <span class='ocrx_word' id='word_1_313' title='bbox 920 4077 1024 4152; x_wconf 83' lang='lat' dir='ltr'><strong>signnm</strong></span> <span class='ocrx_word' id='word_1_314' title='bbox 1047 4073 1181 4151; x_wconf 83' lang='lat' dir='ltr'><strong>quoddam</strong></span> <span class='ocrx_word' id='word_1_315' title='bbox 1203 4094 1265 4132; x_wconf 87' lang='lat' dir='ltr'><strong>esse</strong></span> 
     </span>
     <span class='ocr_line' id='line_1_37' title="bbox 208 4159 1267 4239; baseline 0.005 -27"><span class='ocrx_word' id='word_1_316' title='bbox 208 4159 316 4214; x_wconf 80' lang='lat' dir='ltr'><strong>virtutis</strong></span> <span class='ocrx_word' id='word_1_317' title='bbox 335 4159 511 4236; x_wconf 83' lang='lat' dir='ltr'><strong>generativae,</strong></span> <span class='ocrx_word' id='word_1_318' title='bbox 530 4169 557 4215; x_wconf 91' lang='lat' dir='ltr'><strong>et</strong></span> <span class='ocrx_word' id='word_1_319' title='bbox 574 4159 643 4216; x_wconf 92' lang='lat' dir='ltr'><strong>banc</strong></span> <span class='ocrx_word' id='word_1_320' title='bbox 660 4181 710 4238; x_wconf 90' lang='lat' dir='ltr'><strong>per</strong></span> <span class='ocrx_word' id='word_1_321' title='bbox 726 4160 779 4218; x_wconf 89' lang='lat' dir='ltr'><strong>hoc</strong></span> <span class='ocrx_word' id='word_1_322' title='bbox 797 4164 902 4239; x_wconf 82' lang='lat' dir='ltr'><strong>signum</strong></span> <span class='ocrx_word' id='word_1_323' title='bbox 919 4163 1059 4239; x_wconf 85' lang='lat' dir='ltr'><strong>provocari</strong></span> <span class='ocrx_word' id='word_1_324' title='bbox 1071 4161 1105 4217; x_wconf 77' lang='lat' dir='ltr'><strong>ad</strong></span> <span class='ocrx_word' id='word_1_325' title='bbox 1117 4163 1267 4237; x_wconf 85' lang='lat' dir='ltr'><strong>genituram</strong></span> 
     </span>
     <span class='ocr_line' id='line_1_38' title="bbox 209 4242 1263 4324; baseline 0.007 -25"><span class='ocrx_word' id='word_1_326' title='bbox 209 4244 316 4312; x_wconf 81' lang='lat' dir='ltr'><strong>mundi3</strong></span> <span class='ocrx_word' id='word_1_327' title='bbox 343 4245 469 4321; x_wconf 84' lang='lat' dir='ltr'><strong>quoniam</strong></span> <span class='ocrx_word' id='word_1_328' title='bbox 492 4242 597 4302; x_wconf 87' lang='lat' dir='ltr'><strong>seilicet</strong></span> <span class='ocrx_word' id='word_1_329' title='bbox 618 4264 681 4303; x_wconf 85' lang='lat' dir='ltr'><strong>vere</strong></span> <span class='ocrx_word' id='word_1_330' title='bbox 704 4266 781 4323; x_wconf 82' lang='lat' dir='ltr'><strong>qnam</strong></span> <span class='ocrx_word' id='word_1_331' title='bbox 803 4244 919 4324; x_wconf 77' lang='lat' dir='ltr'><strong>pddrima</strong></span> <span class='ocrx_word' id='word_1_332' title='bbox 942 4246 1036 4303; x_wconf 85' lang='lat' dir='ltr'><strong>oscilla</strong></span> <span class='ocrx_word' id='word_1_333' title='bbox 1064 4257 1263 4315; x_wconf 85' lang='lat' dir='ltr'><strong>consecrentur,</strong></span> 
     </span>
    </p>
   </div>
   <div class='ocr_carea' id='block_1_5' title="bbox 0 0 1404 4876">
    <p class='ocr_par' dir='ltr' id='par_1_7' title="bbox 0 0 1404 4876">
     <span class='ocr_line' id='line_1_39' title="bbox 0 0 1404 4876; baseline 0 0"><span class='ocrx_word' id='word_1_334' title='bbox 0 0 1404 4876; x_wconf 95' lang='lat' dir='ltr'><strong> </strong></span> 
     </span>
    </p>
   </div>
  </div>
 </body>
</html>
