2776 4876
223 343 274 400 178
1205 338 1277 403 &31

222 496 455 586 ἐναντιώτερον
475 494 540 584 γάρ
563 502 633 564 ἐστι
655 491 761 575 δήπου
783 498 828 580 τῷ
850 496 941 578 κακῶ
962 489 1001 560 τὸ
1024 489 1164 579 ἀγαθὸν
1191 496 1280 578 poil-

222 615 283 679 λον
303 605 327 690 ἢ
347 612 394 694 τῷ
414 604 462 695 μὴ
484 605 618 693 ἀγαθῷ.

302 717 428 808 Ὥσπερ
450 710 510 786 οὖν
532 723 565 786 οἱ
586 716 751 805 ἱερόσυλοι
765 721 805 811 τῇ
818 719 987 807 θρησκείᾳ
1002 717 1068 784 τῶν
1083 718 1177 782 θεῶν
1191 713 1280 783 πάν-
1300 729 1317 780 3

222 856 287 900 ταν
308 828 456 919 μάλιστα
476 827 649 916 μάχονται,
678 829 764 897 οὕτω
786 833 844 897 καλ
866 833 899 896 ot
921 826 1075 906 συνόντες
1096 838 1167 905 τοῖς
1188 825 1281 893 ἀπα-

221 945 317 1011 τεῶσι
339 945 395 1008 καὶ
417 950 488 1020 τοῖς
510 943 569 1022 τῆς
591 939 774 1020 ἀκολασίας
795 943 914 1018 αίτίοις
928 942 1073 1024 δαίμοσι,
1094 935 1283 1025 μαχόμενοι

222 1055 330 1134 δήπου
350 1049 434 1141 πρὸς
455 1047 531 1130 τούς
553 1049 737 1141 θεουργοάς
757 1049 957 1140 ῦπάρχουσι·
979 1049 1108 1129 τούτοις
1129 1045 1194 1136 γάρ
1209 1053 1318 1116 πάνε

221 1168 283 1250 μὲν
304 1168 434 1251 πνεῦμα
459 1160 608 1251 πονηρὸν
635 1164 804 1246 ἐξίσταται
831 1166 887 1230 καί
916 1162 1135 1249 ἀνατρέπεται
1163 1157 1281 1250 ἀρδην,

221 1278 318 1343 πάσα
338 1278 374 1343 δὲ
403 1277 502 1340 κακία
530 1279 587 1342 καὶ
614 1279 684 1343 πᾶν
710 1272 827 1352 πάθος
855 1271 1046 1340 ἐκκόπτεται
1074 1270 1282 1351 παντάπασι,

220 1382 363 1475 καθαρὰ
384 1388 419 1453 δὲ
440 1389 599 1471 μετουσία
628 1389 693 1454 τῶν
715 1385 860 1471 ἀγαθῶν
881 1383 1040 1472 πάρεστιν
1067 1391 1104 1451 εν
1124 1394 1196 1461 τοῖς
1221 1390 1318 1450 sca-⁹

220 1501 355 1584 θαροῖς,
377 1493 513 1564 ἀνωθεν
535 1500 570 1565 δὲ
592 1492 659 1565 ἀπὸ
681 1500 744 1564 τοῦ
765 1493 868 1586 πυρὸς
889 1498 1094 1584 πληροῦνται
1115 1498 1175 1575 τῆς
1197 1492 1283 1574 ἀλη-

220 1611 336 1686 θείας·
359 1606 410 1686 οίς
432 1607 528 1676 οὐδὲν
549 1606 709 1695 ἐμπόδιον
730 1612 857 1694 γίνεται
879 1606 947 1676 ἀπὸ
969 1612 1036 1675 τῶν
1056 1607 1167 1674 κακῶν
1181 1629 1282 1674 πνευ-

220 1715 350 1803 μάτων,
380 1717 451 1786 οὐδ’
471 1726 516 1797 είς
537 1716 580 1786 τά
602 1724 662 1799 τῆς
683 1722 792 1806 ψυχῆς
813 1717 937 1805 ἀγαθοὶ
956 1717 1106 1804 κώλυμα·
1134 1716 1210 1784 οὐδὲ
1230 1741 1283 1794 τις
1302 1719 1333 1770 ¹²

223 1831 331 1920 τῦφος
352 1824 374 1909 ἢ
396 1831 531 1894 θαπεία
550 1824 574 1908 ἢ
595 1828 710 1916 ἀτμῶν
724 1827 907 1908 ἀπόλαυσις
921 1826 944 1914 ἢ
958 1833 1038 1917 βίας
1052 1825 1143 1916 ἰσχῦς
1157 1851 1286 1915 napea<

221 1941 327 2026 οχλεῖ·
349 1936 435 2006 ἀλλά
456 1937 568 2007 πάντα
591 1940 728 2030 ὡσπερεὶ
741 1945 902 2027 κεραυνίῳ
922 1945 987 2008 τινὶ
1007 1944 1092 2030 βολῇ
1112 1943 1282 2025 πληγέντα

220 2048 361 2142 ἀναφῶς
382 2049 507 2118 ὑπείκει
527 2055 584 2119 καὶ
604 2051 779 2138 ὑποχωρεῖ,
807 2055 889 2138 μηδὲ
912 2049 1142 2140 προσπελάσαι
1164 2050 1281 2128 αὐτοῖς
1299 2059 1330 2108 ¹5

220 2158 397 2246 δυνάμενα.
434 2165 472 2228 ἓν
493 2155 554 2229 οάν
575 2161 675 2229 τοῦτό
697 2168 768 2229 ἐστι
787 2160 827 2228 td
847 2158 1014 2248 ἀχραντον
1035 2166 1092 2229 καὶ
1113 2157 1281 2247 ἱερατικὸν

219 2270 321 2340 θεῖόν
335 2297 377 2365 ,τι
400 2273 443 2351 ῶς
465 2272 605 2354 ἀληθῶς
625 2277 720 2358 γένος
741 2277 801 2354 τῆς
821 2276 995 2358 μαντείας·
1017 2277 1073 2340 καὶ
1094 2276 1194 2344 τοῦτο
1211 2271 1280 2359 οὐχ,

220 2383 264 2462 ῶς
293 2380 336 2451 σῦ
363 2387 478 2469 λέγεις,
506 2386 677 2465 διαιτητοῦ
705 2386 811 2450 δεῖται
838 2379 860 2464 ἢ
888 2388 970 2468 ἐμοῦ
999 2381 1021 2465 ἢ
1049 2380 1153 2452 ἀλλον
1181 2381 1280 2462 τινός,
1298 2387 1330 2438 18

220 2494 263 2560 ἵν’
282 2491 363 2562 αὐτὸ
386 2502 422 2562 ἐκ
436 2498 567 2562 πολλῶν
581 2497 756 2583 προκρίνω,
779 2493 853 2560 ἀλλ’
870 2493 954 2561 αάτά
968 2492 1121 2586 ἐξῄρηται
1136 2493 1280 2573 πάντων,

296 2675 320 2725 l.
348 2671 385 2738 τῷ
405 2671 487 2740 κακῷ]
506 2672 541 2724 sic
560 2673 640 2735 ABG,
664 2673 715 2725 τῶν
733 2669 819 2725 κακῶν
837 2673 869 2727 0.
985 2675 1008 2726 4.
1019 2676 1045 2726 5.
1071 2668 1227 2727 ἀπαταιῶσι
1245 2673 1278 2727 0.

290 2760 315 2812 6.
343 2756 507 2829 θεουρηοῦς]
526 2759 676 2830 θεουρμοῦς
694 2754 795 2819 αὐτοὺς
813 2759 877 2811 Gale
890 2774 940 2812 not.
1015 2763 1038 2811 7.
1065 2757 1128 2831 μὲν]
1147 2758 1278 2820 sieten,

289 2863 340 2895 om.
360 2844 393 2895 0.
479 2844 520 2895 14.
548 2847 657 2914 κερανίιρ
678 2845 707 2896 C.
792 2847 905 2898 17-19.
933 2848 979 2899 καλ
996 2843 1276 2918 τοῦτο-προκρίνω]

289 2928 350 2979 baec
367 2927 394 2979 in
412 2927 547 3000 Porphyrii
566 2929 671 2997 epistola
689 2949 703 2981 a
721 2929 802 2982 Galen
820 2931 903 2982 relicta
921 2951 973 2983 non
992 2931 1115 2996 leguntur.

219 3079 253 3137 de
264 3081 393 3137 vaticinio
405 3100 470 3137 vere
482 3079 580 3138 divino.
626 3080 726 3137 bonum
738 3082 839 3160 quippe
850 3085 934 3158 magis
945 3082 1102 3139 adversatur
1113 3080 1183 3138 malo
1196 3103 1277 3158 quam

218 3185 273 3221 non
290 3165 370 3221 bono.

289 3250 520 3324 Quemadmodum
542 3253 623 3328 igitur
646 3251 808 3330 templorum
830 3252 993 3333 expilatores
1018 3253 1130 3311 deorum
1151 3251 1277 3329 religioni

218 3338 332 3394 maxime
349 3348 506 3418 repugnant,
525 3341 565 3395 sic
583 3340 630 3414 qui
648 3337 832 3409 daemonibus,
851 3342 897 3416 qui
914 3341 1077 3418 impostores
1096 3350 1159 3396 sunt
1177 3342 1277 3396 omnis·

218 3444 270 3500 que
287 3423 417 3481 lasciviae
435 3433 566 3493 auctores,
584 3424 682 3493 favent,
706 3428 833 3482 contrarii
850 3428 964 3483 maxime
981 3436 1045 3483 suut
1060 3428 1133 3483 veris
1151 3425 1277 3482 secerdo-

216 3510 297 3567 tibus.
343 3511 376 3566 ab
395 3509 438 3567 bis
457 3512 528 3566 enim
546 3513 633 3567 omnis
652 3513 764 3589 spiritus
782 3512 867 3569 malus
885 3510 952 3589 fugit
974 3524 1001 3570 et
1022 3513 1132 3571 facessit
1152 3531 1276 3589 prorsus,

216 3598 305 3653 omnis
321 3596 423 3654 malitia
440 3598 528 3653 omnis
545 3600 637 3676 passio
649 3597 824 3668 abscinditur,
842 3600 975 3656 bonorum
986 3620 1052 3677 pura
1068 3599 1277 3655 communicatio

217 3679 252 3736 ad
268 3701 351 3758 puros
369 3681 499 3751 defertur,
523 3693 551 3739 et
568 3684 686 3762 desuper
704 3684 737 3740 ab
756 3687 817 3762 igne
835 3685 927 3743 divino
950 3687 1093 3742 veritatem
1114 3686 1275 3763 percipiunt.

216 3763 260 3821 bis
278 3786 341 3843 ergo
359 3768 422 3825 mali
440 3772 552 3848 spiritus
571 3769 756 3848 impedimenti
778 3769 846 3826 nihil
869 3771 964 3828 afferre
983 3783 1111 3850 possunt,
1134 3770 1277 3846 nequead

217 3852 320 3908 enimse
331 3852 401 3909 bona
413 3855 554 3912 avertenda
566 3853 706 3912 obstaculi.
748 3855 797 3913 sed
809 3877 859 3914 nec
870 3860 1022 3934 suggeritur
1033 3857 1175 3936 superbiae
1186 3855 1277 3912 fumus

216 3947 263 3994 aut
280 3935 397 3995 adulatio
409 3939 508 4008 mollis,
526 3963 614 4019 neque
625 3941 840 4018 suffumigatione
852 3941 988 4012 falluntur,
1007 3965 1094 4020 neque
1107 3946 1135 4000 vi
1146 3941 1202 3999 ulla
1214 3962 1277 4020 per·

215 4023 368 4080 turbantur:
387 4024 436 4081 sed
451 4025 518 4082 bace
533 4031 621 4084 omnia
636 4026 704 4084 mala
721 4038 856 4104 tamquam
871 4028 983 4108 fulguris
1001 4033 1057 4088 ictu
1073 4050 1202 4108 percussa
1220 4028 1277 4085 dis·

214 4108 364 4187 perduntur
381 4120 409 4167 et
425 4109 568 4180 lacessunt,
587 4133 636 4170 nec
654 4125 769 4192 possunt
785 4115 830 4172 vel
848 4114 882 4172 ad
900 4113 950 4172 bos
963 4111 1188 4195 appropinquare.
1231 4134 1278 4170 so·

215 4191 270 4252 lum
287 4197 368 4272 igitur
384 4216 468 4274 genus
485 4194 538 4254 boc
555 4200 675 4256 vaticinii
693 4203 827 4260 sincerum
839 4211 867 4258 et
878 4221 984 4260 sacrum
996 4212 1023 4258 et
1041 4222 1134 4260 revera
1152 4200 1276 4258 divinum
