2776 4876
114 351 142 416 t,
155 353 187 404 to
1117 360 1169 414 ²11

113 500 283 585 ποιήσεως,
303 501 347 570 τά
370 505 405 572 δὲ
427 509 491 572 τῶν
514 503 683 591 δαιμόνων
703 510 841 575 καὶτῶν
856 514 1027 598 περιχείων
1045 507 1170 604 ήπερι-

113 619 259 702 κοσμίων
274 618 380 682 θείων
394 613 573 700 δυνάμεων,
588 617 632 696 ὡς
645 620 761 707 πρῶτα
774 617 1068 707 προσοικειούμευα
1083 622 1168 692 κατά

80 722 174 806 avoir
197 724 241 802 ὡς
262 722 345 815 πρὸς
367 725 455 812 ἡμᾶς
476 725 587 810 τάξιν·
610 724 652 796 τά
674 735 787 815 μέντοι
809 729 998 799 τελειότατον
1020 737 1076 802 καί
1098 734 1170 820 ἡγε-

112 834 323 924 μονικότατα
353 841 419 904 τῶν
446 843 561 908 αίτίων
589 843 648 922 τῆς
677 847 712 907 ἐν
739 852 814 920 ταῖς
842 845 981 921 θυσίαις
1009 842 1171 926 ποιήσεως

114 946 347 1018 συνάπτεσθαι
368 952 505 1036 λέγομεν
526 960 600 1030 ταῖς
616 953 863 1040 δημιουργικαῖς
877 958 934 1020 καὶ
947 953 1170 1035 τελειοτάταις

80 1077 96 1128 t
114 1057 308 1146 δυνάμεσιν·
337 1064 407 1128 ἐπεὶ
429 1063 464 1128 δὲ
486 1052 585 1128 αὗται
605 1068 810 1151 περιέχουσιν
832 1071 868 1132 ὲν
896 1070 1031 1145 ἑαυταῖς
1058 1065 1170 1135 πάντα

116 1167 180 1237 ὅσα
203 1176 282 1239 ποτε
310 1178 400 1239 ἐστιν
428 1172 533 1252 αίτια,
563 1177 794 1257 συγκινεῖσθαι
821 1179 959 1261 λίχομεν
987 1173 1058 1264 άμα
1086 1177 1171 1266 μετά

116 1279 239 1350 τούτων
268 1280 407 1372 ἀθρόως
428 1287 485 1351 καί
510 1280 625 1352 πάντα
646 1281 711 1354 ὅσα
731 1292 813 1353 ποτέ
841 1291 914 1354 sou
937 1287 1108 1371 ποιητικά,
1135 1298 1171 1359 tx

80 1395 151 1459 ott
172 1391 330 1461 ἁπάντων
350 1390 464 1462 ιιοιυόν
484 1399 633 1462 κατιέναι
653 1392 692 1464 τό
715 1393 837 1488 ὄφελος
860 1405 904 1477 είς
927 1395 1009 1481 ὅλην
1033 1395 1094 1482 τήν
1115 1408 1170 1488 χί-

115 1524 219 1583 υεσιν,
247 1506 352 1571 trion
379 1507 443 1590 μὲν
468 1502 554 1572 νατά
575 1504 687 1586 πόλεις
708 1511 764 1575 καὶ
787 1507 912 1593 δήμους
934 1506 958 1590 ή
979 1513 1066 1593 ίθνη
1088 1535 1170 1579 παν-

115 1611 247 1682 τοδαπά
264 1609 289 1696 ἢ
307 1617 462 1701 μείζονας
483 1614 608 1684 τούτων
628 1614 652 1698 ή
673 1617 851 1698 ἐλάττονας
871 1619 1088 1711 περιχραφάς,
1110 1623 1171 1690 άλ-

65 1735 99 1788 12
115 1727 191 1792 lore
214 1726 249 1793 δὲ
270 1723 356 1793 κατά
378 1726 487 1806 σίκυος
513 1723 536 1807 ἢ
557 1723 644 1794 κατά
665 1724 772 1816 ἀνδρα
802 1737 942 1797 ἕκαστον
963 1728 1171 1820 παρεχούσας

116 1833 162 1903 τά
181 1833 307 1922 ἀγαθοὶ
324 1834 473 1929 ἀφθόνῳ
494 1836 658 1923 βουλήσει,
680 1843 736 1907 καί
759 1839 800 1908 ού
820 1839 930 1908 πάθει
950 1845 1016 1908 τῶν
1034 1843 1169 1932 χαριζο-

115 1953 223 2035 μίυων
243 1944 304 2030 τήν
319 1945 482 2035 διανομήν
496 1948 606 2018 αὐτῶν
620 1949 900 2040 ἀπεργαζομένων,
923 1956 969 2037 νῷ
989 1977 1024 2018 τε
1040 1952 1171 2021 ἀπαθεῖ

65 2075 98 2134 15
116 2058 188 2126 κατ’
209 2056 392 2143 οίκειότητα
413 2063 470 2128 καί
492 2066 681 2147 συγγένειαν
695 2059 882 2149 κρινόντων,
905 2062 949 2140 ὡς
963 2066 1013 2129 δεῖ
1033 2060 1170 2144 διδόναι,

116 2167 229 2261 φιλιάς
251 2195 286 2237 τε
307 2173 394 2256 μιᾶς,
416 2173 476 2254 τῆς
496 2167 540 2238 τά
556 2169 667 2238 πάντα
683 2170 889 2258 συνεχούσης,
912 2169 971 2240 τὸν
987 2170 1171 2260 σύνδεσμον

115 2286 234 2350 τούτου
255 2279 311 2349 διά
332 2304 421 2361 τινος
442 2279 589 2370 ἀρρήτου
610 2285 784 2359 κοινωνίας
804 2280 1080 2371 ἀπεργαζομένης.

66 2405 99 2456 18
205 2388 304 2462 Πολύ
324 2391 388 2482 χάρ
412 2396 516 2461 ταῦτα
539 2388 751 2478 ἀληθέστερά
780 2398 849 2460 ἐστι
876 2396 933 2460 καὶ
961 2395 1091 2478 μᾶλλον
1112 2399 1172 2476 τῆς

103 2656 106 2661 -
186 2627 213 2678 2.
239 2624 457 2697 προσποιούμενοι
476 2626 507 2687 Α,
533 2623 741 2698 προοικιούμενα
758 2624 793 2675 Ι).
913 2627 938 2677 3.
966 2623 1118 2694 τελειότητα
1135 2627 1169 2679 D.

187 2712 231 2766 12.
254 2705 316 2763 κατ’
331 2714 420 2769 σίκυος
438 2709 472 2763 0.
545 2710 585 2762 1³.
613 2705 744 2780 ἀφθόνως
763 2708 867 2763 ABCD.
888 2703 1019 2778 [Ιπάθτι]
1039 2707 1119 2778 πάθη
1135 2712 1170 2765 D.

117 2942 197 2999 quam
215 2921 375 3000 simpliciter
393 2923 514 2980 subiecta
532 2933 559 2979 et
577 2924 784 2998 consequentia,
807 2925 1004 3001 servientisque
1022 2942 1117 2981 censae
1134 2924 1171 2982 ef·

115 3008 225 3064 ficsciae
240 3010 269 3064 in
286 3008 426 3065 sacrificiis
445 3011 613 3087 sppsrentis;
632 3008 776 3064 daemonas
794 3029 859 3065 vero
877 3019 1080 3086 potestatesque
1097 3029 1171 3065 muu-

116 3093 199 3150 dsnss
216 3103 244 3150 et
265 3103 385 3151 terrenas
407 3104 437 3151 ut
458 3097 582 3173 proxime
604 3093 638 3149 ad
660 3093 783 3150 ordinem
804 3104 926 3150 nostrum
949 3093 1170 3150 accommodius.

115 3178 164 3235 sed
181 3199 275 3236 causes
293 3182 494 3257 potentissimos
512 3180 775 3259 perfectissimaeque
800 3181 880 3236 istius
898 3177 1033 3235 efficaciae
1051 3179 1172 3236 sttribui-

109 3283 174 3330 ¹mus
191 3263 263 3320 haud
282 3265 362 3322 dubie
379 3265 583 3344 perfectissimis
602 3265 799 3342 opificibusque
810 3264 998 3341 potestatibus.
1045 3266 1171 3341 quonism

113 3370 179 3406 vero
196 3370 242 3406 ese
261 3354 400 3409 continent
416 3355 445 3408 in
463 3372 494 3410 se
511 3371 604 3408 omncs
622 3353 740 3408 omnim
758 3369 861 3418 csusas,
884 3348 946 3404 ideo
964 3348 1079 3405 dicimus
1098 3348 1172 3426 quod

114 3437 194 3492 etiem
212 3456 304 3494 omnes
328 3437 476 3494 efficientes
498 3457 588 3493 rerum
605 3457 702 3493 censae
723 3457 774 3492 uns
798 3455 859 3492 cum
881 3433 925 3490 his
949 3435 1171 3508 circumaguntur,

114 3532 194 3597 atque
211 3522 278 3578 adeo
298 3543 331 3580 ex
349 3525 452 3579 cunctis
471 3520 551 3578 simul
569 3526 717 3580 communis
735 3520 838 3580 utilitas
856 3521 885 3575 iu
903 3527 986 3575 totam
998 3520 1108 3594 genesin
1127 3517 1172 3575 ‹le-

114 3609 224 3674 rivctur,
244 3605 387 3683 sliquendo
405 3607 514 3685 quidem
530 3627 582 3686 per
597 3610 722 3666 civitates
739 3605 910 3686 populosque
928 3614 956 3660 et
973 3613 1066 3680 gentes
1087 3606 1172 3662 omni·

114 3711 195 3769 genas
214 3691 257 3746 vel
275 3690 387 3749 latiores
404 3691 447 3749 luis
470 3692 514 3750 vei
536 3695 704 3769 angustiores
726 3691 1001 3768 circumscriptiones,
1027 3688 1171 3768 aliqnsndo

100 3776 163 3855 'per
185 3775 281 3833 domos
304 3775 348 3833 vel
370 3776 505 3835 hominem
527 3798 742 3856 unumquemque
764 3778 833 3833 bons
858 3774 1013 3832 diffundunt
1034 3774 1172 3833 voluntate

112 3863 240 3932 benefice,
259 3882 313 3919 non
330 3865 458 3941 passione
475 3883 536 3941 erge
554 3866 716 3941 recipientes
734 3882 797 3919 sues
815 3863 982 3937 erogationes
994 3862 1170 3928 instituendo,

114 3949 162 4005 sed
181 3952 335 4027 incorrupte
354 3959 442 4006 mente
460 3949 579 4006 iudicent
597 3968 659 4004 esse
676 3947 792 4004 dandum
815 3947 961 4023 secundum
977 3949 1171 4025 proprietrtem

114 4044 141 4091 et
159 4037 237 4111 qussi
260 4038 457 4112 cognationem,
479 4055 532 4091 uns
555 4035 663 4089 iuterim
686 4034 814 4101 amicitis,
839 4052 907 4108 quae
928 4035 1049 4090 continet
1072 4033 1169 4098 omnic,

113 4119 182 4176 hanc
194 4120 385 4197 obligetiouem
396 4141 446 4199 per
459 4117 621 4178 ineffabilem
633 4120 845 4177 communionem
857 4117 989 4196 quondum
1001 4117 1169 4174 conficiente.

186 4206 274 4283 Atque
292 4205 357 4262 haec
375 4226 440 4263 sane
458 4208 567 4263 veriore
587 4215 651 4263 suut
668 4203 806 4282 multoque
822 4207 935 4283 propius
952 4203 1069 4259 deorum
1080 4211 1170 4259 esseu-

952 4307 1006 4363 14*
