2776 4876
220 368 273 424 182
1225 359 1276 423 t‚1

305 517 395 588 Ἔστι
417 522 451 586 δέ
473 517 516 600 δή
536 539 571 585 ’τι
591 521 647 584 καὶ
669 511 752 584 άλλο
768 512 946 600 ἀλόγιστον
961 518 1017 581 καλ
1032 510 1168 601 άιιριτου
1182 517 1280 599 γένος

222 637 288 701 τῶν
301 635 604 719 παραγιγνομένων,
624 624 642 695 ὃ
658 632 740 713 μίαν
754 628 893 716 ἀριθμῷ
909 623 1049 712 δύναμιν
1063 628 1281 710 κατενείματο

222 739 279 811 διὰ
299 739 361 825 τὴν
388 740 442 834 ἐφ’
461 738 612 819 ἑκάστοις
640 750 710 819 τοῖς
737 745 849 829 μέρεσι
884 732 1048 824 διανομὴν
1077 733 1315 827 έφῑέκάοτῳο

220 857 287 922 τῶν
314 856 416 939 έργων
443 855 705 938 έπετεταγμένηυ.
757 848 865 938 ὥσπερ
894 840 954 918 οὖν
982 851 1152 936 μαχαίρας
1180 851 1282 937 έργον

221 968 291 1033 ἐστὶ
313 959 352 1032 τὸ
374 968 502 1050 τέμνειν
524 967 580 1030 καὶ
602 962 697 1038 οὐδὲν
719 957 802 1029 άλλο
825 972 931 1029 ποιεῖν
952 955 1097 1040 ἢτοῦτο,
1120 956 1283 1026 οὕτωκαὶ

222 1079 288 1142 τῶν
316 1081 351 1142 έν
378 1077 426 1160 τῷ
453 1079 554 1143 παντὶ
582 1076 784 1166 διῃρημένων
813 1069 1007 1156 πνευμάτων
1022 1068 1121 1138 -ιιατοὶ
1151 1067 1316 1160 φάσεωςε

221 1183 379 1276 μεριστὴν
401 1184 550 1272 ἀνάγκην
571 1181 610 1253 τὰ
632 1189 693 1270 μὲν
715 1187 843 1276 διαιρεῖ,
864 1179 948 1251 άλλο
970 1185 1006 1251 δὲ
1022 1179 1156 1267 συνάγει
1170 1177 1214 1247 τά
1229 1205 1282 1266 γι·

221 1295 378 1385 γνόμενα.
422 1293 587 1385 γνώριμον
608 1299 644 1364 δὲ
666 1293 765 1365 τοῦτό
788 1302 858 1363 ἐστι
886 1297 943 1361 καὶ
965 1289 1033 1362 ἀπὸ
1061 1296 1128 1360 τῶν
1157 1314 1283 1383 φαινο-

188 1400 345 1497 ’μένων
378 1405 421 1476 τὰ
449 1407 515 1498 γάρ
541 1406 717 1495 Χαρώνεια
745 1405 907 1493 λεγόμενα
936 1405 1059 1496 ἀφίησί
1087 1429 1119 1470 τι
1147 1406 1316 1491 πνεῦμαν

220 1518 283 1612 ἀφ’
302 1523 428 1589 ἑαυτῶν
449 1523 517 1590 πᾶν
531 1514 571 1586 τὸ
586 1525 749 1603 ἐμπῖπτον
763 1516 960 1607 ἀδιαιρέτως
978 1513 1162 1603 δυνάμενον
1179 1517 1283 1606 φθεί-

221 1654 300 1718 ρων.
334 1628 418 1700 οὕτω
442 1627 482 1712 δὴ
507 1622 567 1698 οὖν
588 1634 645 1697 καὶ
666 1629 785 1722 ἀφανῆ
799 1625 874 1696 τινά
887 1626 1060 1715 πνεύματα
1075 1623 1282 1712 ὃιαλαχόυτα

221 1735 309 1807 ἄλλα
332 1737 438 1823 άλλην
460 1740 608 1826 δύναμιν,
630 1748 734 1808 έκεῖνο
756 1737 863 1825 μόνον
884 1746 1008 1832 πέφυκε
1038 1751 1145 1807 ποιεῖν
1168 1735 1281 1827 ὥσπερ
1300 1749 1332 1802 12

222 1855 437 1918 ἐπιτέτακται.
483 1858 511 1919 ελ
533 1849 576 1934 δή
599 1877 647 1930 τις
671 1847 879 1940 παραλαβών
907 1846 950 1918 τοὶ
978 1853 1199 1920 συντελοῦντα
1227 1871 1281 1915 τε·

220 1967 390 2046 ταγμένως
406 1969 451 2040 ελς
464 1958 504 2030 τὸ
520 1967 589 2031 πᾶν
604 1961 751 2049 ἀλλαχοῦ
765 1967 977 2053 μετατρέψειε
992 1967 1049 2030 καὶ
1060 1957 1283 2050 διαπράξαιτό

221 2096 254 2141 τι
280 2071 498 2161 παρανόμως,
533 2080 638 2141 οἰκεῖα
666 2071 740 2140 τότε
769 2078 863 2141 ἔσται
889 2076 950 2139 τοῦ
977 2077 1084 2150 κακῶς
1107 2077 1282 2161 χρωμένου
1300 2088 1332 2139 15

220 2181 342 2269 βλάβη·

293 2420 319 2470 1.
345 2412 458 2489 άνρετου
476 2419 509 2471 Ι).
582 2421 607 2471 2.
636 2414 879 2491 παραγιγνομένων]
899 2416 934 2468 sic
948 2418 980 2480 A,
1009 2421 1225 2488 παραγινομένων
1245 2417 1279 2470 0.

292 2506 318 2557 l.
345 2509 549 2572 ἐπιτεταγμένων
576 2503 638 2566 ΒΙ),
675 2505 876 2573 ἰπιτεταγμλνον
903 2502 932 2554 C.
970 2497 983 2570 ΙΙ
1021 2500 1109 2572 ἔργον]
1138 2507 1216 2571 ἔργων
1245 2504 1279 2554 D.

292 2593 316 2644 ὅ.
345 2597 414 2643 ποιεῖ
436 2588 466 2641 C.
623 2590 648 2641 9.
678 2586 833 2660 Χαρώνεια]
857 2584 955 2658 ἄορνον
978 2593 1035 2640 ἔστι
1052 2585 1182 2656 σπήλαιον
1201 2586 1280 2660 ἱερόν,

293 2674 429 2746 Χαράνιον
447 2675 591 2744 λεγόμενον.
619 2677 701 2728 Struit.
721 2676 780 2729 636.
799 2677 829 2727 ef.
851 2677 902 2728 579
921 2689 944 2726 et
963 2674 1023 2728 649.
1042 2672 1172 2743 Spirucula
1192 2689 1280 2727 vocant

291 2761 334 2825 aiij
354 2760 485 2814 Charonea
508 2759 602 2813 scrobis
625 2760 782 2815 mortiferum
806 2760 920 2830 spiritum
939 2759 1081 2812 exhalantis.
1111 2759 1176 2811 Ptin.
1195 2764 1220 2813 2.
1236 2763 1278 2814 93.

293 2846 346 2898 208
362 2846 418 2898 Sili.

287 3105 342 3163 Est
363 3109 473 3163 tertium
497 3109 567 3165 cirea
590 3127 640 3163 nos
663 3128 746 3185 genus
770 3106 998 3167 inconsideratum
1020 3108 1103 3164 crisin
1128 3126 1182 3162 non
1204 3127 1281 3165 exer·

221 3212 299 3262 oens,
324 3192 452 3271 quodque
468 3214 548 3250 unum
566 3214 676 3251 numero
694 3196 842 3273 potentiam
859 3195 986 3251 sortitum
1003 3202 1058 3261 est,
1081 3195 1180 3269 unique
1196 3197 1281 3271 parti·

220 3277 305 3337 euluri
322 3282 400 3357 operi
416 3279 592 3358 praefectum,
618 3284 691 3339 iuxta
710 3281 928 3339 distributionem
946 3281 1089 3359 spirituum
1107 3278 1203 3338 iactum
1225 3285 1280 3340 sin·

219 3366 289 3444 gulis
307 3367 437 3447 partibus.
484 3366 707 3444 quemadmodum
724 3369 805 3445 igitur
823 3366 904 3445 gladii
923 3386 992 3445 opus
1010 3377 1053 3424 est
1065 3386 1157 3425 secare
1169 3378 1197 3424 et
1209 3367 1280 3426 nihil

219 3453 292 3510 aliud
310 3453 406 3523 fucere,
425 3455 464 3510 sie
477 3464 505 3510 et
517 3456 659 3532 spirituum
671 3474 721 3533 per
732 3464 819 3511 totum
831 3452 959 3511 mundum
971 3453 1120 3512 divisorum
1131 3455 1205 3510 iuxta
1218 3475 1281 3532 pur·

220 3538 325 3596 tihilem
343 3550 452 3597 naturae
470 3542 658 3597 necessitatem
676 3539 760 3617 aliqui
778 3549 851 3597 certe
869 3539 994 3597 dividunt
1010 3540 1057 3599 ulii
1076 3540 1204 3617 colligunt
1222 3550 1280 3597 tuu-

219 3633 277 3680 tum
295 3645 363 3700 quae
379 3637 547 3704 generantur.
595 3624 667 3702 quod
690 3635 779 3682 autem
796 3626 858 3684 dico
881 3626 1051 3684 manifestum
1075 3636 1118 3684 est
1140 3647 1174 3683 ex
1196 3624 1280 3703 phro-

219 3712 355 3779 nomenis‚
380 3732 442 3770 nam
464 3704 575 3771 scrobes
594 3711 751 3771 Charoneue
774 3721 804 3768 ut
826 3723 956 3770 vocantur
974 3715 1099 3792 spiritum
1117 3733 1132 3768 e
1151 3732 1182 3768 se
1199 3710 1280 3768 exhu-

219 3793 289 3863 lsnt‚
317 3800 363 3872 qui
387 3801 474 3856 omnia
498 3799 682 3857 indifferenter
705 3801 853 3878 corrumpit
874 3819 943 3876 quae
965 3801 1004 3856 eis
1027 3796 1199 3856 inciderint·
1225 3798 1280 3854 hoo

219 3883 302 3959 igitur
319 3892 399 3960 paeto
417 3884 525 3961 quidem
542 3885 643 3944 oooulti
665 3889 792 3965 spiritus,
815 3885 884 3943 alius
907 3886 985 3943 uliam
1007 3887 1098 3942 sortiti
1121 3885 1280 3964 potentium,

219 3966 288 4028 illut
306 3977 411 4026 tuntum
428 3971 526 4048 singuli
543 3985 674 4052 peragunt
691 3973 726 4031 sd
744 3973 817 4051 quod
835 3972 951 4030 ordinati
969 3982 1039 4030 sunt.
1086 3973 1183 4050 siquis
1197 3972 1281 4048 igitur

219 4056 355 4133 accipiens
374 4075 443 4132 quae
461 4055 557 4114 ordine
574 4060 772 4118 distributionis
789 4059 823 4117 ad
842 4070 928 4117 totum
940 4058 1080 4119 conferunt
1092 4060 1222 4116 aliorsum
1234 4058 1282 4116 de·

219 4140 325 4199 flexerit
343 4151 371 4199 et
388 4139 491 4219 aliquid
508 4148 732 4220 praevaricatorie
749 4149 920 4225 transegerit,
944 4168 1013 4206 noxa
1037 4167 1121 4227 penes
1143 4149 1195 4205 erit
1217 4166 1281 4206 eum

221 4229 266 4303 qui
280 4229 345 4285 istis
363 4228 433 4287 male
450 4229 540 4287 utitur.
