<?xml version="1.0" encoding="UTF-8"?>
<!DOCTYPE html PUBLIC "-//W3C//DTD XHTML 1.0 Transitional//EN"
    "http://www.w3.org/TR/xhtml1/DTD/xhtml1-transitional.dtd">
<html xmlns="http://www.w3.org/1999/xhtml" xml:lang="en" lang="en">
 <head>
  <title>
</title>
<meta http-equiv="Content-Type" content="text/html;charset=utf-8" />
  <meta name='ocr-system' content='tesseract 3.04.00' />
  <meta name='ocr-capabilities' content='ocr_page ocr_carea ocr_par ocr_line ocrx_word'/>
</head>
<body>
  <div class='ocr_page' id='page_1' title='image "./jamblichidemyst00jambgoog_0276.png"; bbox 0 0 2776 4876; ppageno 0'>
   <div class='ocr_carea' id='block_1_1' title="bbox 119 354 1175 420">
    <p class='ocr_par' dir='ltr' id='par_1_1' title="bbox 119 354 1175 420">
     <span class='ocr_line' id='line_1_1' title="bbox 119 354 1175 420; baseline -0.003 -11"><span class='ocrx_word' id='word_1_1' title='bbox 119 358 191 420; x_wconf 54' lang='lat'><strong><em>&amp;20</em></strong></span> <span class='ocrx_word' id='word_1_2' title='bbox 1124 354 1175 407; x_wconf 75' lang='lat'><strong><em>147</em></strong></span> 
     </span>
    </p>
   </div>
   <div class='ocr_carea' id='block_1_2' title="bbox 18 504 1232 2264">
    <p class='ocr_par' dir='ltr' id='par_1_2' title="bbox 18 504 1232 2264">
     <span class='ocr_line' id='line_1_2' title="bbox 118 504 1172 596; baseline -0.002 -18"><span class='ocrx_word' id='word_1_3' title='bbox 118 509 242 595; x_wconf 81' lang='grc' dir='ltr'><strong><em>λότρια.</em></strong></span> <span class='ocrx_word' id='word_1_4' title='bbox 281 512 430 574; x_wconf 73' lang='grc' dir='ltr'><strong><em>πέπονθε</em></strong></span> <span class='ocrx_word' id='word_1_5' title='bbox 454 511 487 574; x_wconf 77' lang='grc' dir='ltr'><strong><em>δὲ</em></strong></span> <span class='ocrx_word' id='word_1_6' title='bbox 512 508 531 589; x_wconf 85' lang='grc' dir='ltr'><em>ἡ</em></span> <span class='ocrx_word' id='word_1_7' title='bbox 555 507 689 589; x_wconf 81' lang='grc' dir='ltr'><em>τοιαύτη</em></span> <span class='ocrx_word' id='word_1_8' title='bbox 712 506 843 590; x_wconf 85' lang='grc' dir='ltr'><strong><em>ζήτησις</em></strong></span> <span class='ocrx_word' id='word_1_9' title='bbox 865 504 988 574; x_wconf 86' lang='grc' dir='ltr'><strong><em>ταύτόν</em></strong></span> <span class='ocrx_word' id='word_1_10' title='bbox 1011 506 1091 596; x_wconf 86' lang='grc' dir='ltr'><strong><em>ὅπερ</em></strong></span> <span class='ocrx_word' id='word_1_11' title='bbox 1116 515 1172 577; x_wconf 80' lang='grc' dir='ltr'><strong><em>καί</em></strong></span> 
     </span>
     <span class='ocr_line' id='line_1_3' title="bbox 119 618 1174 710; baseline -0.001 -21"><span class='ocrx_word' id='word_1_12' title='bbox 119 626 192 710; x_wconf 79' lang='grc' dir='ltr'><strong><em>περὶ</em></strong></span> <span class='ocrx_word' id='word_1_13' title='bbox 221 623 289 703; x_wconf 39' lang='grc' dir='ltr'><strong><em>τῆς,</em></strong></span> <span class='ocrx_word' id='word_1_14' title='bbox 308 622 524 709; x_wconf 78' lang='grc' dir='ltr'><em>δημιουργίας</em></span> <span class='ocrx_word' id='word_1_15' title='bbox 551 625 612 688; x_wconf 87' lang='grc' dir='ltr'><strong><em>τοῦ</em></strong></span> <span class='ocrx_word' id='word_1_16' title='bbox 638 618 762 698; x_wconf 86' lang='grc' dir='ltr'><strong><em>παντός</em></strong></span> <span class='ocrx_word' id='word_1_17' title='bbox 784 624 840 685; x_wconf 84' lang='grc' dir='ltr'><strong><em>καὶ</em></strong></span> <span class='ocrx_word' id='word_1_18' title='bbox 868 625 927 700; x_wconf 84' lang='grc' dir='ltr'><strong><em>τῆς</em></strong></span> <span class='ocrx_word' id='word_1_19' title='bbox 954 625 1113 707; x_wconf 82' lang='grc' dir='ltr'><strong><em>προνοίας</em></strong></span> <span class='ocrx_word' id='word_1_20' title='bbox 1142 628 1174 688; x_wconf 86' lang='grc' dir='ltr'><strong><em>οἱ</em></strong></span> 
     </span>
     <span class='ocr_line' id='line_1_4' title="bbox 84 727 1173 819; baseline -0.006 -14"><span class='ocrx_word' id='word_1_21' title='bbox 84 755 99 805; x_wconf 84' lang='grc'>3</span> <span class='ocrx_word' id='word_1_22' title='bbox 120 735 237 801; x_wconf 78' lang='grc' dir='ltr'><strong><em>πολλοὶ</em></strong></span> <span class='ocrx_word' id='word_1_23' title='bbox 259 729 432 819; x_wconf 83' lang='grc' dir='ltr'><strong><em>πάσχουσι.</em></strong></span> <span class='ocrx_word' id='word_1_24' title='bbox 469 729 516 817; x_wconf 79' lang='grc' dir='ltr'><strong><em>μὴ</em></strong></span> <span class='ocrx_word' id='word_1_25' title='bbox 539 731 716 818; x_wconf 82' lang='grc' dir='ltr'><strong><em>δυνάμενοι</em></strong></span> <span class='ocrx_word' id='word_1_26' title='bbox 730 727 793 817; x_wconf 88' lang='grc' dir='ltr'><strong><em>γάρ</em></strong></span> <span class='ocrx_word' id='word_1_27' title='bbox 810 735 938 816; x_wconf 77' lang='grc' dir='ltr'><strong><em>μαθεῖν</em></strong></span> <span class='ocrx_word' id='word_1_28' title='bbox 955 729 1045 808; x_wconf 87' lang='grc' dir='ltr'><strong><em>ὅστις</em></strong></span> <span class='ocrx_word' id='word_1_29' title='bbox 1061 731 1080 798; x_wconf 90' lang='grc' dir='ltr'>ὁ</span> <span class='ocrx_word' id='word_1_30' title='bbox 1096 731 1173 816; x_wconf 89' lang='grc' dir='ltr'><strong><em>τρό-</em></strong></span> 
     </span>
     <span class='ocr_line' id='line_1_5' title="bbox 18 839 1173 935; baseline -0.001 -23"><span class='ocrx_word' id='word_1_31' title='bbox 18 930 23 935; x_wconf 30' lang='grc'><strong>,</strong></span> <span class='ocrx_word' id='word_1_32' title='bbox 118 870 180 923; x_wconf 89' lang='grc' dir='ltr'><strong><em>πος</em></strong></span> <span class='ocrx_word' id='word_1_33' title='bbox 202 843 320 923; x_wconf 78' lang='grc' dir='ltr'><strong><em>αὐτῶν,</em></strong></span> <span class='ocrx_word' id='word_1_34' title='bbox 343 840 411 920; x_wconf 82' lang='grc' dir='ltr'><strong><em>τάς,</em></strong></span> <span class='ocrx_word' id='word_1_35' title='bbox 425 867 459 910; x_wconf 85' lang='grc' dir='ltr'><strong><em>τε</em></strong></span> <span class='ocrx_word' id='word_1_36' title='bbox 482 842 672 931; x_wconf 83' lang='grc' dir='ltr'><strong><em>ἀνθρώπων</em></strong></span> <span class='ocrx_word' id='word_1_37' title='bbox 695 846 877 934; x_wconf 80' lang='grc' dir='ltr'><em>φροντίδας</em></span> <span class='ocrx_word' id='word_1_38' title='bbox 899 846 955 910; x_wconf 87' lang='grc' dir='ltr'><strong><em>καὶ</em></strong></span> <span class='ocrx_word' id='word_1_39' title='bbox 971 839 1046 920; x_wconf 78' lang='grc' dir='ltr'><strong><em>τοὺς</em></strong></span> <span class='ocrx_word' id='word_1_40' title='bbox 1061 845 1173 928; x_wconf 77' lang='grc' dir='ltr'><strong><em>λογισ-</em></strong></span> 
     </span>
     <span class='ocr_line' id='line_1_6' title="bbox 117 951 1173 1043; baseline 0 -22"><span class='ocrx_word' id='word_1_41' title='bbox 117 953 200 1041; x_wconf 81' lang='grc' dir='ltr'><strong><em>μοάς</em></strong></span> <span class='ocrx_word' id='word_1_42' title='bbox 219 959 275 1023; x_wconf 75' lang='grc' dir='ltr'><strong><em>ἐπὶ</em></strong></span> <span class='ocrx_word' id='word_1_43' title='bbox 296 957 361 1022; x_wconf 73' lang='grc' dir='ltr'><strong><em>τῶν</em></strong></span> <span class='ocrx_word' id='word_1_44' title='bbox 384 958 476 1021; x_wconf 83' lang='grc' dir='ltr'><strong><em>θεῶν</em></strong></span> <span class='ocrx_word' id='word_1_45' title='bbox 496 953 744 1042; x_wconf 76' lang='grc' dir='ltr'><strong><em>ἀποκρίνοντες,</em></strong></span> <span class='ocrx_word' id='word_1_46' title='bbox 772 959 827 1020; x_wconf 83' lang='grc' dir='ltr'><strong><em>καὶ</em></strong></span> <span class='ocrx_word' id='word_1_47' title='bbox 851 952 890 1020; x_wconf 87' lang='grc' dir='ltr'><strong><em>τό</em></strong></span> <span class='ocrx_word' id='word_1_48' title='bbox 914 951 1001 1022; x_wconf 81' lang='grc' dir='ltr'><strong><em>ὅλον</em></strong></span> <span class='ocrx_word' id='word_1_49' title='bbox 1017 953 1173 1043; x_wconf 85' lang='grc' dir='ltr'><strong><em>ἀναιροῦ-</em></strong></span> 
     </span>
     <span class='ocr_line' id='line_1_7' title="bbox 84 1056 1025 1153; baseline -0.005 -18"><span class='ocrx_word' id='word_1_50' title='bbox 84 1056 100 1143; x_wconf 72' lang='grc' dir='ltr'><strong><em>ε</em></strong></span> <span class='ocrx_word' id='word_1_51' title='bbox 120 1090 173 1135; x_wconf 91' lang='grc' dir='ltr'><strong><em>σιν</em></strong></span> <span class='ocrx_word' id='word_1_52' title='bbox 195 1065 245 1133; x_wconf 75' lang='grc' dir='ltr'><strong><em>ἐπ’</em></strong></span> <span class='ocrx_word' id='word_1_53' title='bbox 264 1065 375 1135; x_wconf 78' lang='grc' dir='ltr'><strong><em>αὐτῶν</em></strong></span> <span class='ocrx_word' id='word_1_54' title='bbox 396 1060 457 1147; x_wconf 77' lang='grc' dir='ltr'><strong><em>τὴν</em></strong></span> <span class='ocrx_word' id='word_1_55' title='bbox 478 1063 640 1153; x_wconf 88' lang='grc' dir='ltr'><strong><em>πρόνοιοίν</em></strong></span> <span class='ocrx_word' id='word_1_56' title='bbox 662 1091 697 1132; x_wconf 89' lang='grc' dir='ltr'><strong><em>τε</em></strong></span> <span class='ocrx_word' id='word_1_57' title='bbox 720 1070 775 1131; x_wconf 83' lang='grc' dir='ltr'><strong><em>καὶ</em></strong></span> <span class='ocrx_word' id='word_1_58' title='bbox 798 1067 1025 1153; x_wconf 76' lang='grc' dir='ltr'><strong><em>δημιουργίαν.</em></strong></span> 
     </span>
     <span class='ocr_line' id='line_1_8' title="bbox 200 1167 1173 1265; baseline -0.001 -21"><span class='ocrx_word' id='word_1_59' title='bbox 200 1177 326 1265; x_wconf 83' lang='grc' dir='ltr'><strong><em>Ὥσπερ</em></strong></span> <span class='ocrx_word' id='word_1_60' title='bbox 348 1167 408 1244; x_wconf 82' lang='grc' dir='ltr'><strong><em>οὖν</em></strong></span> <span class='ocrx_word' id='word_1_61' title='bbox 429 1173 511 1264; x_wconf 85' lang='grc' dir='ltr'><strong><em>πρός</em></strong></span> <span class='ocrx_word' id='word_1_62' title='bbox 533 1174 668 1254; x_wconf 77' lang='grc' dir='ltr'><strong><em>τούτους</em></strong></span> <span class='ocrx_word' id='word_1_63' title='bbox 683 1177 838 1244; x_wconf 84' lang='grc' dir='ltr'><strong><em>ἀπαντᾶν</em></strong></span> <span class='ocrx_word' id='word_1_64' title='bbox 854 1174 1029 1261; x_wconf 70' lang='grc' dir='ltr'><strong><em>εἰώθαμεν,</em></strong></span> <span class='ocrx_word' id='word_1_65' title='bbox 1052 1175 1096 1254; x_wconf 86' lang='grc' dir='ltr'><strong><em>ὡς</em></strong></span> <span class='ocrx_word' id='word_1_66' title='bbox 1112 1171 1173 1243; x_wconf 71' lang='grc' dir='ltr'><strong><em>ἀλ-</em></strong></span> 
     </span>
     <span class='ocr_line' id='line_1_9' title="bbox 119 1284 1173 1377; baseline -0.001 -22"><span class='ocrx_word' id='word_1_67' title='bbox 119 1292 175 1367; x_wconf 84' lang='grc' dir='ltr'><strong><em>λος</em></strong></span> <span class='ocrx_word' id='word_1_68' title='bbox 197 1314 245 1368; x_wconf 89' lang='grc' dir='ltr'><strong><em>τις</em></strong></span> <span class='ocrx_word' id='word_1_69' title='bbox 268 1286 389 1377; x_wconf 78' lang='grc' dir='ltr'><strong><em>τρόπος</em></strong></span> <span class='ocrx_word' id='word_1_70' title='bbox 411 1291 501 1355; x_wconf 72' lang='grc' dir='ltr'><strong><em>ἐστὶν</em></strong></span> <span class='ocrx_word' id='word_1_71' title='bbox 524 1287 541 1354; x_wconf 92' lang='grc' dir='ltr'><strong><em>ό</em></strong></span> <span class='ocrx_word' id='word_1_72' title='bbox 566 1292 663 1366; x_wconf 85' lang='grc' dir='ltr'><strong><em>θεῖος</em></strong></span> <span class='ocrx_word' id='word_1_73' title='bbox 685 1292 744 1369; x_wconf 84' lang='grc' dir='ltr'><strong><em>τῆς</em></strong></span> <span class='ocrx_word' id='word_1_74' title='bbox 766 1284 926 1368; x_wconf 83' lang='grc' dir='ltr'><strong><em>ποιήσεως</em></strong></span> <span class='ocrx_word' id='word_1_75' title='bbox 956 1292 1011 1354; x_wconf 86' lang='grc' dir='ltr'><strong><em>καὶ</em></strong></span> <span class='ocrx_word' id='word_1_76' title='bbox 1033 1289 1173 1371; x_wconf 83' lang='grc' dir='ltr'><strong><em>κηδεμο-</em></strong></span> 
     </span>
     <span class='ocr_line' id='line_1_10' title="bbox 84 1393 1174 1487; baseline -0.006 -17"><span class='ocrx_word' id='word_1_77' title='bbox 84 1405 202 1480; x_wconf 75' lang='grc' dir='ltr'><strong><em>ννίοις,</em></strong></span> <span class='ocrx_word' id='word_1_78' title='bbox 226 1393 266 1467; x_wconf 79' lang='grc' dir='ltr'><strong><em>οὗ</em></strong></span> <span class='ocrx_word' id='word_1_79' title='bbox 288 1395 329 1480; x_wconf 77' lang='grc' dir='ltr'><strong><em>δὴ</em></strong></span> <span class='ocrx_word' id='word_1_80' title='bbox 352 1399 394 1465; x_wconf 82' lang='grc' dir='ltr'><strong><em>δι’</em></strong></span> <span class='ocrx_word' id='word_1_81' title='bbox 415 1396 554 1484; x_wconf 86' lang='grc' dir='ltr'><strong><em>ἀγνοιαν</em></strong></span> <span class='ocrx_word' id='word_1_82' title='bbox 576 1397 616 1465; x_wconf 83' lang='grc' dir='ltr'><strong><em>οὐ</em></strong></span> <span class='ocrx_word' id='word_1_83' title='bbox 634 1396 700 1487; x_wconf 81' lang='grc' dir='ltr'><strong><em>χρὴ</em></strong></span> <span class='ocrx_word' id='word_1_84' title='bbox 724 1395 761 1464; x_wconf 88' lang='grc' dir='ltr'><strong><em>τό</em></strong></span> <span class='ocrx_word' id='word_1_85' title='bbox 776 1403 844 1465; x_wconf 85' lang='grc' dir='ltr'><strong><em>πᾶν</em></strong></span> <span class='ocrx_word' id='word_1_86' title='bbox 859 1398 1113 1484; x_wconf 77' lang='grc' dir='ltr'><strong><em>ἀποδοκιμάζειν</em></strong></span> <span class='ocrx_word' id='word_1_87' title='bbox 1128 1397 1174 1476; x_wconf 80' lang='grc' dir='ltr'><strong><em>ὡς</em></strong></span> 
     </span>
     <span class='ocr_line' id='line_1_11' title="bbox 120 1506 1173 1601; baseline -0.003 -23"><span class='ocrx_word' id='word_1_88' title='bbox 120 1509 195 1578; x_wconf 76' lang='grc' dir='ltr'><strong><em>οὐδὲ</em></strong></span> <span class='ocrx_word' id='word_1_89' title='bbox 216 1506 278 1592; x_wconf 77' lang='grc' dir='ltr'><strong><em>τὴν</em></strong></span> <span class='ocrx_word' id='word_1_90' title='bbox 300 1507 406 1600; x_wconf 75' lang='grc' dir='ltr'><strong><em>ἀρχὴν</em></strong></span> <span class='ocrx_word' id='word_1_91' title='bbox 428 1507 617 1601; x_wconf 76' lang='grc' dir='ltr'><strong><em>ἀφεστήκοι,</em></strong></span> <span class='ocrx_word' id='word_1_92' title='bbox 640 1507 725 1577; x_wconf 79' lang='grc' dir='ltr'><strong><em>οὕτω</em></strong></span> <span class='ocrx_word' id='word_1_93' title='bbox 747 1515 803 1578; x_wconf 86' lang='grc' dir='ltr'><strong><em>καὶ</em></strong></span> <span class='ocrx_word' id='word_1_94' title='bbox 826 1508 908 1595; x_wconf 90' lang='grc' dir='ltr'><strong><em>πρός</em></strong></span> <span class='ocrx_word' id='word_1_95' title='bbox 930 1534 967 1579; x_wconf 89' lang='grc' dir='ltr'><strong><em>σε</em></strong></span> <span class='ocrx_word' id='word_1_96' title='bbox 989 1506 1032 1575; x_wconf 85' lang='grc' dir='ltr'><strong><em>ἀν</em></strong></span> <span class='ocrx_word' id='word_1_97' title='bbox 1054 1535 1103 1588; x_wconf 88' lang='grc' dir='ltr'><strong><em>τις</em></strong></span> <span class='ocrx_word' id='word_1_98' title='bbox 1125 1513 1173 1576; x_wconf 80' lang='grc' dir='ltr'><strong><em>δι-</em></strong></span> 
     </span>
     <span class='ocr_line' id='line_1_12' title="bbox 118 1618 1174 1709; baseline -0.002 -22"><span class='ocrx_word' id='word_1_99' title='bbox 118 1618 388 1706; x_wconf 82' lang='grc' dir='ltr'><strong><em>καιολογήσαιτο,</em></strong></span> <span class='ocrx_word' id='word_1_100' title='bbox 425 1620 469 1698; x_wconf 81' lang='grc' dir='ltr'><strong><em>ὡς</em></strong></span> <span class='ocrx_word' id='word_1_101' title='bbox 500 1619 687 1708; x_wconf 82' lang='grc' dir='ltr'><strong><em>πρόγνωσις</em></strong></span> <span class='ocrx_word' id='word_1_102' title='bbox 713 1625 806 1686; x_wconf 83' lang='grc' dir='ltr'><strong><em>πᾶσα</em></strong></span> <span class='ocrx_word' id='word_1_103' title='bbox 835 1625 891 1688; x_wconf 79' lang='grc' dir='ltr'><strong><em>καὶ</em></strong></span> <span class='ocrx_word' id='word_1_104' title='bbox 921 1625 1023 1709; x_wconf 75' lang='grc' dir='ltr'><strong><em>ἔργων</em></strong></span> <span class='ocrx_word' id='word_1_105' title='bbox 1057 1619 1174 1687; x_wconf 80' lang='grc' dir='ltr'><strong><em>ἀιδίων</em></strong></span> 
     </span>
     <span class='ocr_line' id='line_1_13' title="bbox 67 1727 1174 1822; baseline -0.005 -20"><span class='ocrx_word' id='word_1_106' title='bbox 67 1752 100 1802; x_wconf 84' lang='lat'><strong><em>12</em></strong></span> <span class='ocrx_word' id='word_1_107' title='bbox 119 1731 236 1821; x_wconf 85' lang='grc' dir='ltr'><strong><em>πρᾶξις</em></strong></span> <span class='ocrx_word' id='word_1_108' title='bbox 249 1734 342 1799; x_wconf 77' lang='grc' dir='ltr'><strong><em>θεῶν</em></strong></span> <span class='ocrx_word' id='word_1_109' title='bbox 364 1737 424 1816; x_wconf 75' lang='grc' dir='ltr'><strong><em>μίν</em></strong></span> <span class='ocrx_word' id='word_1_110' title='bbox 439 1738 527 1800; x_wconf 76' lang='grc' dir='ltr'><strong><em>ἐστιν</em></strong></span> <span class='ocrx_word' id='word_1_111' title='bbox 542 1735 630 1822; x_wconf 75' lang='grc' dir='ltr'><strong><em>ἔργα,</em></strong></span> <span class='ocrx_word' id='word_1_112' title='bbox 652 1727 727 1799; x_wconf 79' lang='grc' dir='ltr'><strong><em>οὔτε</em></strong></span> <span class='ocrx_word' id='word_1_113' title='bbox 743 1731 784 1797; x_wconf 81' lang='grc' dir='ltr'><strong><em>δι’</em></strong></span> <span class='ocrx_word' id='word_1_114' title='bbox 802 1730 949 1817; x_wconf 88' lang='grc' dir='ltr'><strong><em>ἀνάγκης</em></strong></span> <span class='ocrx_word' id='word_1_115' title='bbox 965 1728 1038 1799; x_wconf 80' lang='grc' dir='ltr'><strong><em>οὔτε</em></strong></span> <span class='ocrx_word' id='word_1_116' title='bbox 1054 1730 1096 1797; x_wconf 81' lang='grc' dir='ltr'><strong><em>δι’</em></strong></span> <span class='ocrx_word' id='word_1_117' title='bbox 1113 1727 1174 1797; x_wconf 80' lang='grc' dir='ltr'><strong><em>ἀί.-</em></strong></span> 
     </span>
     <span class='ocr_line' id='line_1_14' title="bbox 119 1838 1176 1932; baseline -0.003 -22"><span class='ocrx_word' id='word_1_118' title='bbox 119 1847 180 1921; x_wconf 79' lang='grc' dir='ltr'><strong><em>λας</em></strong></span> <span class='ocrx_word' id='word_1_119' title='bbox 201 1841 420 1932; x_wconf 75' lang='grc' dir='ltr'><strong><em>ἀνθρωπίνας</em></strong></span> <span class='ocrx_word' id='word_1_120' title='bbox 447 1847 557 1920; x_wconf 76' lang='grc' dir='ltr'><strong><em>αἰτίας</em></strong></span> <span class='ocrx_word' id='word_1_121' title='bbox 585 1846 790 1922; x_wconf 74' lang='grc' dir='ltr'><strong><em>ἐπιτελεῖται,</em></strong></span> <span class='ocrx_word' id='word_1_122' title='bbox 820 1840 906 1911; x_wconf 82' lang='grc' dir='ltr'><strong><em>ἀλλά</em></strong></span> <span class='ocrx_word' id='word_1_123' title='bbox 935 1838 990 1911; x_wconf 81' lang='grc' dir='ltr'><strong><em>ὃιά</em></strong></span> <span class='ocrx_word' id='word_1_124' title='bbox 1019 1839 1176 1919; x_wconf 81' lang='grc' dir='ltr'><strong><em>τοιαύτας</em></strong></span> 
     </span>
     <span class='ocr_line' id='line_1_15' title="bbox 119 1951 786 2039; baseline 0 -19"><span class='ocrx_word' id='word_1_125' title='bbox 119 1953 240 2032; x_wconf 85' lang='grc' dir='ltr'><strong><em>ὁποίας</em></strong></span> <span class='ocrx_word' id='word_1_126' title='bbox 264 1959 296 2021; x_wconf 88' lang='grc' dir='ltr'><strong><em>οἱ</em></strong></span> <span class='ocrx_word' id='word_1_127' title='bbox 319 1957 401 2020; x_wconf 85' lang='grc' dir='ltr'><strong><em>θεοὶ</em></strong></span> <span class='ocrx_word' id='word_1_128' title='bbox 423 1951 521 2038; x_wconf 88' lang='grc' dir='ltr'><strong><em>μόνοι</em></strong></span> <span class='ocrx_word' id='word_1_129' title='bbox 542 1951 786 2039; x_wconf 82' lang='grc' dir='ltr'><strong><em>γιγνώσκουσιν.</em></strong></span> 
     </span>
     <span class='ocr_line' id='line_1_16' title="bbox 67 2056 1232 2154; baseline -0.005 -21"><span class='ocrx_word' id='word_1_130' title='bbox 67 2092 100 2142; x_wconf 85' lang='lat'><strong><em>15</em></strong></span> <span class='ocrx_word' id='word_1_131' title='bbox 173 2114 179 2125; x_wconf 83' lang='lat'>.</span> <span class='ocrx_word' id='word_1_132' title='bbox 206 2057 273 2153; x_wconf 69' lang='grc' dir='ltr'><strong><em>Ἆρ’</em></strong></span> <span class='ocrx_word' id='word_1_133' title='bbox 292 2056 352 2132; x_wconf 78' lang='grc' dir='ltr'><strong><em>οὖν</em></strong></span> <span class='ocrx_word' id='word_1_134' title='bbox 373 2064 546 2154; x_wconf 82' lang='grc' dir='ltr'><strong><em>ἀφιέμενοι</em></strong></span> <span class='ocrx_word' id='word_1_135' title='bbox 570 2062 694 2132; x_wconf 85' lang='grc' dir='ltr'><strong><em>τούτων</em></strong></span> <span class='ocrx_word' id='word_1_136' title='bbox 716 2064 856 2151; x_wconf 81' lang='grc' dir='ltr'><strong><em>εὐλόγως</em></strong></span> <span class='ocrx_word' id='word_1_137' title='bbox 879 2061 922 2131; x_wconf 87' lang='grc' dir='ltr'><strong><em>ἀν</em></strong></span> <span class='ocrx_word' id='word_1_138' title='bbox 943 2061 1005 2146; x_wconf 78' lang='grc' dir='ltr'><strong><em>την</em></strong></span> <span class='ocrx_word' id='word_1_139' title='bbox 1020 2067 1174 2151; x_wconf 78' lang='grc' dir='ltr'><strong><em>δευτέραν</em></strong></span> <span class='ocrx_word' id='word_1_140' title='bbox 1192 2069 1232 2128; x_wconf 79' lang='lat'><strong><em>20</em></strong></span> 
     </span>
     <span class='ocr_line' id='line_1_17' title="bbox 118 2172 1175 2264; baseline -0.002 -21"><span class='ocrx_word' id='word_1_141' title='bbox 118 2172 211 2264; x_wconf 85' lang='grc' dir='ltr'><strong><em>παρά</em></strong></span> <span class='ocrx_word' id='word_1_142' title='bbox 244 2179 298 2243; x_wconf 83' lang='grc' dir='ltr'><strong><em>σοὶ</em></strong></span> <span class='ocrx_word' id='word_1_143' title='bbox 320 2179 499 2261; x_wconf 84' lang='grc' dir='ltr'><strong><em>τιθεμένην</em></strong></span> <span class='ocrx_word' id='word_1_144' title='bbox 522 2179 727 2261; x_wconf 68' lang='grc' dir='ltr'><strong><em>αἰτιολογίαν</em></strong></span> <span class='ocrx_word' id='word_1_145' title='bbox 756 2179 831 2264; x_wconf 80' lang='grc' dir='ltr'><strong><em>περὶ</em></strong></span> <span class='ocrx_word' id='word_1_146' title='bbox 859 2179 924 2241; x_wconf 80' lang='grc' dir='ltr'><strong><em>τῶν</em></strong></span> <span class='ocrx_word' id='word_1_147' title='bbox 953 2175 1062 2242; x_wconf 81' lang='grc' dir='ltr'><strong><em>αὐτῶν</em></strong></span> <span class='ocrx_word' id='word_1_148' title='bbox 1090 2174 1175 2241; x_wconf 86' lang='grc' dir='ltr'><strong><em>ἀπο-</em></strong></span> 
     </span>
    </p>
   </div>
   <div class='ocr_carea' id='block_1_3' title="bbox 190 2391 1175 2900">
    <p class='ocr_par' dir='ltr' id='par_1_3' title="bbox 190 2391 1175 2900">
     <span class='ocr_line' id='line_1_18' title="bbox 191 2391 1175 2472; baseline -0.005 -19"><span class='ocrx_word' id='word_1_149' title='bbox 191 2403 215 2453; x_wconf 89' lang='grc'><strong><em>5.</em></strong></span> <span class='ocrx_word' id='word_1_150' title='bbox 242 2402 417 2472; x_wconf 74' lang='grc' dir='ltr'><strong><em>ίπικρίνοντες</em></strong></span> <span class='ocrx_word' id='word_1_151' title='bbox 435 2419 519 2465; x_wconf 75' lang='lat' dir='ltr'><strong>margo</strong></span> <span class='ocrx_word' id='word_1_152' title='bbox 538 2399 569 2452; x_wconf 89' lang='grc' dir='ltr'><strong><em>Β.</em></strong></span> <span class='ocrx_word' id='word_1_153' title='bbox 590 2394 602 2467; x_wconf 87' lang='grc' dir='ltr'><strong><em>ΙΙ</em></strong></span> <span class='ocrx_word' id='word_1_154' title='bbox 625 2396 702 2465; x_wconf 80' lang='grc' dir='ltr'><strong><em>ὅλοι]</em></strong></span> <span class='ocrx_word' id='word_1_155' title='bbox 722 2392 850 2453; x_wconf 41' lang='grc' dir='ltr'><strong><em>ἀλλονζ.Β.</em></strong></span> <span class='ocrx_word' id='word_1_156' title='bbox 970 2400 993 2450; x_wconf 86' lang='grc'><strong><em>6.</em></strong></span> <span class='ocrx_word' id='word_1_157' title='bbox 1021 2392 1077 2461; x_wconf 69' lang='grc' dir='ltr'><strong><em>ἐπ’]</em></strong></span> <span class='ocrx_word' id='word_1_158' title='bbox 1097 2391 1175 2449; x_wconf 74' lang='grc' dir='ltr'><strong><em>ἀπῬ</em></strong></span> 
     </span>
     <span class='ocr_line' id='line_1_19' title="bbox 191 2481 1175 2555; baseline -0.005 -17"><span class='ocrx_word' id='word_1_159' title='bbox 191 2489 215 2539; x_wconf 88' lang='grc'><strong><em>7.</em></strong></span> <span class='ocrx_word' id='word_1_160' title='bbox 242 2484 391 2555; x_wconf 77' lang='grc' dir='ltr'><strong><em>εἰώθαμεν]</em></strong></span> <span class='ocrx_word' id='word_1_161' title='bbox 409 2485 535 2549; x_wconf 71' lang='grc' dir='ltr'><strong><em>εἱεΑΟΙ),</em></strong></span> <span class='ocrx_word' id='word_1_162' title='bbox 564 2482 691 2554; x_wconf 80' lang='grc' dir='ltr'><strong><em>είάθεμεν</em></strong></span> <span class='ocrx_word' id='word_1_163' title='bbox 710 2485 743 2546; x_wconf 95' lang='grc'><strong><em>0,</em></strong></span> <span class='ocrx_word' id='word_1_164' title='bbox 770 2487 864 2536; x_wconf 71' lang='grc' dir='ltr'><strong><em>εἴωθεν</em></strong></span> <span class='ocrx_word' id='word_1_165' title='bbox 885 2483 913 2534; x_wconf 89' lang='grc' dir='ltr'><strong><em>Β.</em></strong></span> <span class='ocrx_word' id='word_1_166' title='bbox 988 2484 1029 2535; x_wconf 82' lang='grc'><strong><em>10.</em></strong></span> <span class='ocrx_word' id='word_1_167' title='bbox 1059 2481 1175 2552; x_wconf 75' lang='grc' dir='ltr'><strong><em>ὑφεστή-</em></strong></span> 
     </span>
     <span class='ocr_line' id='line_1_20' title="bbox 190 2562 1175 2643; baseline -0.006 -20"><span class='ocrx_word' id='word_1_168' title='bbox 190 2593 228 2625; x_wconf 82' lang='grc' dir='ltr'><strong><em>κει</em></strong></span> <span class='ocrx_word' id='word_1_169' title='bbox 246 2574 277 2624; x_wconf 83' lang='grc' dir='ltr'><strong><em>Α.</em></strong></span> <span class='ocrx_word' id='word_1_170' title='bbox 351 2574 445 2624; x_wconf 89' lang='grc'><strong>10.11.</strong></span> <span class='ocrx_word' id='word_1_171' title='bbox 474 2574 696 2640; x_wconf 77' lang='grc' dir='ltr'><strong><em>δικαιολογίσονιο</em></strong></span> <span class='ocrx_word' id='word_1_172' title='bbox 716 2569 796 2622; x_wconf 78' lang='grc' dir='ltr'>ΑΟῙ).</span> <span class='ocrx_word' id='word_1_173' title='bbox 870 2571 911 2621; x_wconf 87' lang='grc'><strong><em>12.</em></strong></span> <span class='ocrx_word' id='word_1_174' title='bbox 940 2565 1002 2643; x_wconf 80' lang='grc' dir='ltr'><strong><em>οὔτε</em></strong></span> <span class='ocrx_word' id='word_1_175' title='bbox 1022 2562 1071 2633; x_wconf 78' lang='grc' dir='ltr'><strong><em>δι’]</em></strong></span> <span class='ocrx_word' id='word_1_176' title='bbox 1089 2566 1124 2618; x_wconf 83' lang='lat' dir='ltr'><strong><em>sic</em></strong></span> <span class='ocrx_word' id='word_1_177' title='bbox 1140 2566 1175 2629; x_wconf 89' lang='grc' dir='ltr'><strong><em>Ι),</em></strong></span> 
     </span>
     <span class='ocr_line' id='line_1_21' title="bbox 192 2646 1174 2726; baseline -0.007 -15"><span class='ocrx_word' id='word_1_178' title='bbox 192 2654 253 2711; x_wconf 80' lang='grc' dir='ltr'><strong><em>οὔτε</em></strong></span> <span class='ocrx_word' id='word_1_179' title='bbox 272 2661 300 2711; x_wconf 72' lang='grc' dir='ltr'><strong><em>δὲ</em></strong></span> <span class='ocrx_word' id='word_1_180' title='bbox 318 2653 352 2710; x_wconf 79' lang='grc' dir='ltr'><strong><em>δι’</em></strong></span> <span class='ocrx_word' id='word_1_181' title='bbox 375 2650 409 2711; x_wconf 90' lang='grc'><strong><em>0.</em></strong></span> <span class='ocrx_word' id='word_1_182' title='bbox 516 2658 559 2711; x_wconf 79' lang='grc'><strong><em>14.</em></strong></span> <span class='ocrx_word' id='word_1_183' title='bbox 586 2646 791 2726; x_wconf 78' lang='grc' dir='ltr'><strong><em>γιγνώσκουσιν]</em></strong></span> <span class='ocrx_word' id='word_1_184' title='bbox 809 2655 845 2707; x_wconf 82' lang='grc' dir='ltr'><strong><em>εἰσ</em></strong></span> <span class='ocrx_word' id='word_1_185' title='bbox 865 2656 926 2718; x_wconf 76' lang='lat' dir='ltr'><strong><em>At),</em></strong></span> <span class='ocrx_word' id='word_1_186' title='bbox 954 2650 1123 2722; x_wconf 81' lang='grc' dir='ltr'><strong><em>γινώσκουσιν</em></strong></span> <span class='ocrx_word' id='word_1_187' title='bbox 1141 2653 1174 2705; x_wconf 91' lang='grc'><strong><em>0.</em></strong></span> 
     </span>
     <span class='ocr_line' id='line_1_22' title="bbox 191 2735 1175 2814; baseline -0.005 -18"><span class='ocrx_word' id='word_1_188' title='bbox 191 2746 232 2796; x_wconf 86' lang='grc'><strong><em>15.</em></strong></span> <span class='ocrx_word' id='word_1_189' title='bbox 262 2738 412 2813; x_wconf 82' lang='grc' dir='ltr'><strong><em>ἀφιίμενοι]</em></strong></span> <span class='ocrx_word' id='word_1_190' title='bbox 433 2747 549 2814; x_wconf 69' lang='grc' dir='ltr'><strong><em>ἐφίμενοι</em></strong></span> <span class='ocrx_word' id='word_1_191' title='bbox 568 2741 648 2801; x_wconf 80' lang='lat' dir='ltr'><strong>Act),</strong></span> <span class='ocrx_word' id='word_1_192' title='bbox 676 2744 805 2812; x_wconf 70' lang='grc' dir='ltr'><strong><em>ἓφιίμενοι</em></strong></span> <span class='ocrx_word' id='word_1_193' title='bbox 824 2741 856 2793; x_wconf 85' lang='grc' dir='ltr'><strong><em>Β.</em></strong></span> <span class='ocrx_word' id='word_1_194' title='bbox 982 2741 1024 2793; x_wconf 86' lang='grc'><strong><em>16.</em></strong></span> <span class='ocrx_word' id='word_1_195' title='bbox 1052 2735 1175 2792; x_wconf 82' lang='grc' dir='ltr'><strong><em>ἀντιολο-</em></strong></span> 
     </span>
     <span class='ocr_line' id='line_1_23' title="bbox 190 2829 300 2900; baseline -0.036 -15"><span class='ocrx_word' id='word_1_196' title='bbox 190 2833 251 2900; x_wconf 87' lang='grc' dir='ltr'><strong><em>γίαν</em></strong></span> <span class='ocrx_word' id='word_1_197' title='bbox 269 2829 300 2881; x_wconf 87' lang='grc' dir='ltr'><strong><em>Β.</em></strong></span> 
     </span>
    </p>
   </div>
   <div class='ocr_carea' id='block_1_4' title="bbox 120 3009 1236 4295">
    <p class='ocr_par' dir='ltr' id='par_1_4' title="bbox 120 3009 1177 3522">
     <span class='ocr_line' id='line_1_24' title="bbox 122 3009 1175 3093; baseline -0.008 -21"><span class='ocrx_word' id='word_1_198' title='bbox 122 3026 185 3073; x_wconf 83' lang='lat' dir='ltr'><strong>sunt</strong></span> <span class='ocrx_word' id='word_1_199' title='bbox 202 3018 284 3093; x_wconf 82' lang='lat' dir='ltr'><strong>igitur</strong></span> <span class='ocrx_word' id='word_1_200' title='bbox 301 3014 367 3070; x_wconf 78' lang='lat' dir='ltr'><strong>haec</strong></span> <span class='ocrx_word' id='word_1_201' title='bbox 385 3013 491 3090; x_wconf 80' lang='lat' dir='ltr'><strong>indigna</strong></span> <span class='ocrx_word' id='word_1_202' title='bbox 511 3034 578 3090; x_wconf 81' lang='lat' dir='ltr'><strong>quaa</strong></span> <span class='ocrx_word' id='word_1_203' title='bbox 601 3012 635 3069; x_wconf 82' lang='grc' dir='ltr'><strong><em>όε</em></strong></span> <span class='ocrx_word' id='word_1_204' title='bbox 658 3013 711 3070; x_wconf 78' lang='lat' dir='ltr'><strong>diis</strong></span> <span class='ocrx_word' id='word_1_205' title='bbox 735 3015 882 3089; x_wconf 80' lang='lat' dir='ltr'><strong>cogitemus</strong></span> <span class='ocrx_word' id='word_1_206' title='bbox 906 3022 933 3067; x_wconf 80' lang='lat' dir='ltr'><strong><em>at</em></strong></span> <span class='ocrx_word' id='word_1_207' title='bbox 955 3009 1039 3067; x_wconf 83' lang='lat' dir='ltr'><strong>aliona</strong></span> <span class='ocrx_word' id='word_1_208' title='bbox 1062 3029 1175 3087; x_wconf 82' lang='lat' dir='ltr'><strong>prorsus</strong></span> 
     </span>
     <span class='ocr_line' id='line_1_25' title="bbox 122 3097 1177 3177; baseline -0.009 -20"><span class='ocrx_word' id='word_1_209' title='bbox 122 3102 155 3157; x_wconf 88' lang='lat' dir='ltr'><strong><em>ab</em></strong></span> <span class='ocrx_word' id='word_1_210' title='bbox 173 3103 207 3157; x_wconf 83' lang='lat' dir='ltr'><strong><em>iio</em></strong></span> <span class='ocrx_word' id='word_1_211' title='bbox 227 3103 340 3176; x_wconf 84' lang='lat' dir='ltr'><strong>quaein</strong></span> <span class='ocrx_word' id='word_1_212' title='bbox 358 3099 478 3177; x_wconf 76' lang='lat' dir='ltr'><strong>theurgia</strong></span> <span class='ocrx_word' id='word_1_213' title='bbox 500 3101 575 3157; x_wconf 89' lang='lat' dir='ltr'><strong>fiunt.</strong></span> <span class='ocrx_word' id='word_1_214' title='bbox 622 3102 667 3174; x_wconf 91' lang='lat' dir='ltr'><strong><em>qui</em></strong></span> <span class='ocrx_word' id='word_1_215' title='bbox 690 3109 777 3155; x_wconf 83' lang='lat' dir='ltr'><strong>autom</strong></span> <span class='ocrx_word' id='word_1_216' title='bbox 799 3098 849 3154; x_wconf 88' lang='lat' dir='ltr'><strong><em>hac</em></strong></span> <span class='ocrx_word' id='word_1_217' title='bbox 874 3097 907 3152; x_wconf 87' lang='lat' dir='ltr'><strong><em>de</em></strong></span> <span class='ocrx_word' id='word_1_218' title='bbox 931 3117 960 3152; x_wconf 82' lang='lat' dir='ltr'><strong><em>ro</em></strong></span> <span class='ocrx_word' id='word_1_219' title='bbox 984 3097 1023 3151; x_wconf 85' lang='lat' dir='ltr'><strong><em>sio</em></strong></span> <span class='ocrx_word' id='word_1_220' title='bbox 1047 3103 1177 3170; x_wconf 85' lang='lat' dir='ltr'><strong>quaerunt</strong></span> 
     </span>
     <span class='ocr_line' id='line_1_26' title="bbox 122 3182 1177 3260; baseline -0.01 -16"><span class='ocrx_word' id='word_1_221' title='bbox 122 3187 248 3245; x_wconf 78' lang='lat' dir='ltr'><strong>videntur</strong></span> <span class='ocrx_word' id='word_1_222' title='bbox 266 3185 332 3243; x_wconf 82' lang='lat' dir='ltr'>mihi</span> <span class='ocrx_word' id='word_1_223' title='bbox 349 3187 421 3243; x_wconf 83' lang='lat' dir='ltr'><strong>idom</strong></span> <span class='ocrx_word' id='word_1_224' title='bbox 439 3186 527 3244; x_wconf 80' lang='lat' dir='ltr'><strong>iacere</strong></span> <span class='ocrx_word' id='word_1_225' title='bbox 543 3207 604 3244; x_wconf 87' lang='lat' dir='ltr'><strong><em>oum</em></strong></span> <span class='ocrx_word' id='word_1_226' title='bbox 622 3189 657 3242; x_wconf 80' lang='lat' dir='ltr'><strong><em>iia</em></strong></span> <span class='ocrx_word' id='word_1_227' title='bbox 674 3188 720 3260; x_wconf 87' lang='lat' dir='ltr'><strong><em>qui</em></strong></span> <span class='ocrx_word' id='word_1_228' title='bbox 733 3185 768 3241; x_wconf 82' lang='lat' dir='ltr'><strong><em>do</em></strong></span> <span class='ocrx_word' id='word_1_229' title='bbox 779 3184 871 3241; x_wconf 77' lang='lat' dir='ltr'><strong>mundi</strong></span> <span class='ocrx_word' id='word_1_230' title='bbox 883 3182 1061 3260; x_wconf 82' lang='lat' dir='ltr'><strong>productione</strong></span> <span class='ocrx_word' id='word_1_231' title='bbox 1077 3189 1105 3235; x_wconf 81' lang='lat' dir='ltr'><strong><em>ot</em></strong></span> <span class='ocrx_word' id='word_1_232' title='bbox 1115 3200 1177 3257; x_wconf 85' lang='lat' dir='ltr'><strong>pro·</strong></span> 
     </span>
     <span class='ocr_line' id='line_1_27' title="bbox 120 3265 1177 3349; baseline -0.009 -19"><span class='ocrx_word' id='word_1_233' title='bbox 120 3273 237 3330; x_wconf 75' lang='lat' dir='ltr'>videntia</span> <span class='ocrx_word' id='word_1_234' title='bbox 255 3271 401 3349; x_wconf 78' lang='lat' dir='ltr'><strong>disputant.</strong></span> <span class='ocrx_word' id='word_1_235' title='bbox 449 3293 508 3329; x_wconf 86' lang='lat' dir='ltr'><strong><em>oum</em></strong></span> <span class='ocrx_word' id='word_1_236' title='bbox 532 3275 604 3330; x_wconf 81' lang='lat' dir='ltr'><strong>onim</strong></span> <span class='ocrx_word' id='word_1_237' title='bbox 626 3281 760 3348; x_wconf 81' lang='lat' dir='ltr'><strong>nequeant</strong></span> <span class='ocrx_word' id='word_1_238' title='bbox 781 3268 931 3344; x_wconf 79' lang='lat' dir='ltr'><strong>intelligere</strong></span> <span class='ocrx_word' id='word_1_239' title='bbox 954 3265 1088 3342; x_wconf 88' lang='lat' dir='ltr'><strong>quomodo</strong></span> <span class='ocrx_word' id='word_1_240' title='bbox 1111 3266 1177 3321; x_wconf 85' lang='lat' dir='ltr'><strong>fiant</strong></span> 
     </span>
     <span class='ocr_line' id='line_1_28' title="bbox 121 3350 1176 3427; baseline -0.009 -13"><span class='ocrx_word' id='word_1_241' title='bbox 121 3363 180 3427; x_wconf 83' lang='lat' dir='ltr'><strong>iota,</strong></span> <span class='ocrx_word' id='word_1_242' title='bbox 198 3379 249 3415; x_wconf 84' lang='lat' dir='ltr'><strong><em>neo</em></strong></span> <span class='ocrx_word' id='word_1_243' title='bbox 265 3354 368 3424; x_wconf 66' lang='lat' dir='ltr'><strong>vollett</strong></span> <span class='ocrx_word' id='word_1_244' title='bbox 386 3357 439 3415; x_wconf 81' lang='lat' dir='ltr'><strong><em>diis</em></strong></span> <span class='ocrx_word' id='word_1_245' title='bbox 456 3358 568 3416; x_wconf 83' lang='lat' dir='ltr'><strong>humana</strong></span> <span class='ocrx_word' id='word_1_246' title='bbox 581 3356 693 3415; x_wconf 84' lang='lat' dir='ltr'><strong>oonailia</strong></span> <span class='ocrx_word' id='word_1_247' title='bbox 706 3367 733 3413; x_wconf 82' lang='lat' dir='ltr'><strong><em>ot</em></strong></span> <span class='ocrx_word' id='word_1_248' title='bbox 745 3360 862 3414; x_wconf 78' lang='lat' dir='ltr'><strong>rationes</strong></span> <span class='ocrx_word' id='word_1_249' title='bbox 875 3354 1038 3420; x_wconf 78' lang='lat' dir='ltr'>adscribere,</span> <span class='ocrx_word' id='word_1_250' title='bbox 1057 3350 1176 3407; x_wconf 79' lang='lat' dir='ltr'><strong>fonditus</strong></span> 
     </span>
     <span class='ocr_line' id='line_1_29' title="bbox 121 3440 1071 3522; baseline -0.008 -21"><span class='ocrx_word' id='word_1_251' title='bbox 121 3446 154 3503; x_wconf 86' lang='lat' dir='ltr'><strong><em>ab</em></strong></span> <span class='ocrx_word' id='word_1_252' title='bbox 173 3444 228 3502; x_wconf 84' lang='lat' dir='ltr'><strong>illia</strong></span> <span class='ocrx_word' id='word_1_253' title='bbox 246 3455 303 3501; x_wconf 79' lang='lat' dir='ltr'><strong><em>tom</em></strong></span> <span class='ocrx_word' id='word_1_254' title='bbox 320 3443 518 3522; x_wconf 80' lang='lat' dir='ltr'><strong>providentiam</strong></span> <span class='ocrx_word' id='word_1_255' title='bbox 535 3455 593 3502; x_wconf 86' lang='lat' dir='ltr'><strong><em>tum</em></strong></span> <span class='ocrx_word' id='word_1_256' title='bbox 611 3443 701 3500; x_wconf 85' lang='lat' dir='ltr'><strong>mundi</strong></span> <span class='ocrx_word' id='word_1_257' title='bbox 720 3443 859 3500; x_wconf 76' lang='lat' dir='ltr'><strong>eonditum</strong></span> <span class='ocrx_word' id='word_1_258' title='bbox 877 3440 1071 3497; x_wconf 82' lang='lat' dir='ltr'><strong>abiudicavore.</strong></span> 
     </span>
    </p>

    <p class='ocr_par' dir='ltr' id='par_1_5' title="bbox 120 3523 1179 4124">
     <span class='ocr_line' id='line_1_30' title="bbox 191 3523 1178 3607; baseline -0.008 -21"><span class='ocrx_word' id='word_1_259' title='bbox 191 3528 423 3604; x_wconf 72' lang='lat' dir='ltr'><strong>Quemadmodum</strong></span> <span class='ocrx_word' id='word_1_260' title='bbox 440 3531 521 3606; x_wconf 77' lang='lat' dir='ltr'><strong>igitar</strong></span> <span class='ocrx_word' id='word_1_261' title='bbox 539 3530 657 3587; x_wconf 75' lang='lat' dir='ltr'><strong>nolemus</strong></span> <span class='ocrx_word' id='word_1_262' title='bbox 675 3529 839 3607; x_wconf 77' lang='lat' dir='ltr'><strong>respondere</strong></span> <span class='ocrx_word' id='word_1_263' title='bbox 856 3527 909 3594; x_wconf 80' lang='lat' dir='ltr'><strong>hia,</strong></span> <span class='ocrx_word' id='word_1_264' title='bbox 929 3524 1002 3602; x_wconf 85' lang='lat' dir='ltr'><strong>qood</strong></span> <span class='ocrx_word' id='word_1_265' title='bbox 1018 3524 1086 3581; x_wconf 82' lang='lat' dir='ltr'><strong>alias</strong></span> <span class='ocrx_word' id='word_1_266' title='bbox 1099 3523 1178 3599; x_wconf 83' lang='lat' dir='ltr'><strong>longa</strong></span> 
     </span>
     <span class='ocr_line' id='line_1_31' title="bbox 120 3613 1178 3691; baseline -0.01 -16"><span class='ocrx_word' id='word_1_267' title='bbox 120 3621 157 3675; x_wconf 86' lang='lat' dir='ltr'><strong><em>ait</em></strong></span> <span class='ocrx_word' id='word_1_268' title='bbox 175 3617 282 3673; x_wconf 71' lang='lat' dir='ltr'><strong>divinos</strong></span> <span class='ocrx_word' id='word_1_269' title='bbox 300 3613 346 3671; x_wconf 85' lang='lat' dir='ltr'><strong>ille</strong></span> <span class='ocrx_word' id='word_1_270' title='bbox 364 3613 524 3691; x_wconf 79' lang='lat' dir='ltr'><strong>providoodi</strong></span> <span class='ocrx_word' id='word_1_271' title='bbox 542 3626 569 3671; x_wconf 79' lang='lat' dir='ltr'><strong><em>ot</em></strong></span> <span class='ocrx_word' id='word_1_272' title='bbox 586 3615 720 3673; x_wconf 78' lang='lat' dir='ltr'><strong>condendi</strong></span> <span class='ocrx_word' id='word_1_273' title='bbox 737 3614 842 3679; x_wconf 81' lang='lat' dir='ltr'><strong>modus,</strong></span> <span class='ocrx_word' id='word_1_274' title='bbox 860 3631 939 3686; x_wconf 83' lang='lat' dir='ltr'><strong>quom</strong></span> <span class='ocrx_word' id='word_1_275' title='bbox 958 3613 982 3667; x_wconf 86' lang='lat' dir='ltr'><strong><em>ai</em></strong></span> <span class='ocrx_word' id='word_1_276' title='bbox 1000 3613 1105 3688; x_wconf 78' lang='lat' dir='ltr'><strong>ignoras</strong></span> <span class='ocrx_word' id='word_1_277' title='bbox 1123 3628 1178 3665; x_wconf 87' lang='lat' dir='ltr'><strong><em>non</em></strong></span> 
     </span>
     <span class='ocr_line' id='line_1_32' title="bbox 121 3698 1179 3778; baseline -0.009 -18"><span class='ocrx_word' id='word_1_278' title='bbox 121 3714 209 3760; x_wconf 85' lang='lat' dir='ltr'><strong>tamen</strong></span> <span class='ocrx_word' id='word_1_279' title='bbox 227 3718 339 3777; x_wconf 78' lang='lat' dir='ltr'><strong>prorsus</strong></span> <span class='ocrx_word' id='word_1_280' title='bbox 358 3719 419 3756; x_wconf 84' lang='lat' dir='ltr'><strong><em>eum</em></strong></span> <span class='ocrx_word' id='word_1_281' title='bbox 436 3699 566 3777; x_wconf 76' lang='lat' dir='ltr'><strong>denegare</strong></span> <span class='ocrx_word' id='word_1_282' title='bbox 584 3703 736 3778; x_wconf 65' lang='lat' dir='ltr'><strong>oportebit3</strong></span> <span class='ocrx_word' id='word_1_283' title='bbox 758 3702 799 3755; x_wconf 85' lang='lat' dir='ltr'><strong><em>aio</em></strong></span> <span class='ocrx_word' id='word_1_284' title='bbox 822 3707 849 3752; x_wconf 80' lang='lat' dir='ltr'><strong><em>ot</em></strong></span> <span class='ocrx_word' id='word_1_285' title='bbox 866 3698 916 3752; x_wconf 79' lang='lat' dir='ltr'><strong>tibi</strong></span> <span class='ocrx_word' id='word_1_286' title='bbox 936 3699 996 3771; x_wconf 86' lang='lat' dir='ltr'><strong>quia</strong></span> <span class='ocrx_word' id='word_1_287' title='bbox 1018 3698 1088 3752; x_wconf 82' lang='lat' dir='ltr'><strong>iuste</strong></span> <span class='ocrx_word' id='word_1_288' title='bbox 1106 3714 1179 3771; x_wconf 78' lang='lat' dir='ltr'><strong>rego·</strong></span> 
     </span>
     <span class='ocr_line' id='line_1_33' title="bbox 122 3780 1179 3864; baseline -0.008 -20"><span class='ocrx_word' id='word_1_289' title='bbox 122 3799 170 3855; x_wconf 81' lang='lat' dir='ltr'><strong>rat,</strong></span> <span class='ocrx_word' id='word_1_290' title='bbox 190 3786 264 3863; x_wconf 87' lang='lat' dir='ltr'><strong>qood</strong></span> <span class='ocrx_word' id='word_1_291' title='bbox 281 3784 430 3862; x_wconf 70' lang='lat' dir='ltr'><strong>praedictio</strong></span> <span class='ocrx_word' id='word_1_292' title='bbox 443 3790 530 3843; x_wconf 80' lang='lat' dir='ltr'><strong>omnio</strong></span> <span class='ocrx_word' id='word_1_293' title='bbox 542 3797 570 3842; x_wconf 83' lang='lat' dir='ltr'><strong><em>ot</em></strong></span> <span class='ocrx_word' id='word_1_294' title='bbox 581 3788 765 3864; x_wconf 71' lang='lat' dir='ltr'><strong>operationum</strong></span> <span class='ocrx_word' id='word_1_295' title='bbox 778 3783 928 3839; x_wconf 84' lang='lat' dir='ltr'><strong>divinarum</strong></span> <span class='ocrx_word' id='word_1_296' title='bbox 939 3784 1085 3856; x_wconf 75' lang='lat' dir='ltr'><strong>praestatio</strong></span> <span class='ocrx_word' id='word_1_297' title='bbox 1097 3780 1179 3858; x_wconf 80' lang='lat' dir='ltr'><strong>plano</strong></span> 
     </span>
     <span class='ocr_line' id='line_1_34' title="bbox 123 3865 1178 3950; baseline -0.011 -18"><span class='ocrx_word' id='word_1_298' title='bbox 123 3875 233 3931; x_wconf 83' lang='lat' dir='ltr'><strong>deorum</strong></span> <span class='ocrx_word' id='word_1_299' title='bbox 252 3893 334 3950; x_wconf 80' lang='lat' dir='ltr'><strong>opera</strong></span> <span class='ocrx_word' id='word_1_300' title='bbox 352 3873 420 3937; x_wconf 85' lang='lat' dir='ltr'><strong>aiot,</strong></span> <span class='ocrx_word' id='word_1_301' title='bbox 444 3891 513 3946; x_wconf 80' lang='lat' dir='ltr'><strong>quae</strong></span> <span class='ocrx_word' id='word_1_302' title='bbox 529 3891 618 3946; x_wconf 81' lang='lat' dir='ltr'><strong>nequo</strong></span> <span class='ocrx_word' id='word_1_303' title='bbox 634 3891 668 3928; x_wconf 82' lang='lat' dir='ltr'><strong><em>ex</em></strong></span> <span class='ocrx_word' id='word_1_304' title='bbox 686 3871 847 3927; x_wconf 66' lang='lat' dir='ltr'><strong>necessitato</strong></span> <span class='ocrx_word' id='word_1_305' title='bbox 865 3886 952 3941; x_wconf 82' lang='lat' dir='ltr'><strong>nequa</strong></span> <span class='ocrx_word' id='word_1_306' title='bbox 969 3886 1004 3923; x_wconf 83' lang='lat' dir='ltr'><strong><em>ox</em></strong></span> <span class='ocrx_word' id='word_1_307' title='bbox 1022 3865 1071 3923; x_wconf 83' lang='lat' dir='ltr'><strong>alia</strong></span> <span class='ocrx_word' id='word_1_308' title='bbox 1090 3866 1178 3942; x_wconf 78' lang='lat' dir='ltr'><strong>aliqua</strong></span> 
     </span>
     <span class='ocr_line' id='line_1_35' title="bbox 123 3951 1179 4036; baseline -0.009 -20"><span class='ocrx_word' id='word_1_309' title='bbox 123 3982 202 4016; x_wconf 85' lang='lat' dir='ltr'><strong>oauaa</strong></span> <span class='ocrx_word' id='word_1_310' title='bbox 219 3959 332 4016; x_wconf 86' lang='lat' dir='ltr'><strong>humana</strong></span> <span class='ocrx_word' id='word_1_311' title='bbox 350 3957 536 4036; x_wconf 79' lang='lat' dir='ltr'><strong>perficiantur,</strong></span> <span class='ocrx_word' id='word_1_312' title='bbox 560 3955 609 4012; x_wconf 82' lang='lat' dir='ltr'><strong><em>sod</em></strong></span> <span class='ocrx_word' id='word_1_313' title='bbox 630 3976 679 4032; x_wconf 80' lang='lat' dir='ltr'><strong><em>por</em></strong></span> <span class='ocrx_word' id='word_1_314' title='bbox 701 3974 746 4010; x_wconf 83' lang='lat' dir='ltr'><strong><em>oaa</em></strong></span> <span class='ocrx_word' id='word_1_315' title='bbox 770 3974 863 4011; x_wconf 83' lang='lat' dir='ltr'><strong>caaaaa</strong></span> <span class='ocrx_word' id='word_1_316' title='bbox 882 3973 950 4030; x_wconf 84' lang='lat' dir='ltr'><strong>quae</strong></span> <span class='ocrx_word' id='word_1_317' title='bbox 974 3951 1041 4009; x_wconf 84' lang='lat' dir='ltr'><strong>aolia</strong></span> <span class='ocrx_word' id='word_1_318' title='bbox 1064 3952 1117 4009; x_wconf 77' lang='lat' dir='ltr'><strong><em>diis</em></strong></span> <span class='ocrx_word' id='word_1_319' title='bbox 1134 3971 1179 4008; x_wconf 85' lang='lat' dir='ltr'><strong><em>oo·</em></strong></span> 
     </span>
     <span class='ocr_line' id='line_1_36' title="bbox 123 4056 295 4124; baseline -0.012 -20"><span class='ocrx_word' id='word_1_320' title='bbox 123 4056 295 4124; x_wconf 80' lang='lat' dir='ltr'><strong>gooaoontur.</strong></span> 
     </span>
    </p>

    <p class='ocr_par' dir='ltr' id='par_1_6' title="bbox 124 4114 1236 4295">
     <span class='ocr_line' id='line_1_37' title="bbox 172 4114 1236 4209; baseline -0.014 -20"><span class='ocrx_word' id='word_1_321' title='bbox 172 4176 175 4180; x_wconf 84' lang='grc'>-</span> <span class='ocrx_word' id='word_1_322' title='bbox 194 4131 242 4189; x_wconf 84' lang='grc' dir='ltr'><strong><em>Ηίε</em></strong></span> <span class='ocrx_word' id='word_1_323' title='bbox 261 4134 342 4209; x_wconf 78' lang='lat' dir='ltr'><strong>igitur</strong></span> <span class='ocrx_word' id='word_1_324' title='bbox 360 4132 469 4188; x_wconf 75' lang='lat' dir='ltr'><strong>omissio</strong></span> <span class='ocrx_word' id='word_1_325' title='bbox 486 4127 652 4208; x_wconf 74' lang='lat' dir='ltr'><strong>proferamus</strong></span> <span class='ocrx_word' id='word_1_326' title='bbox 670 4126 748 4183; x_wconf 87' lang='lat' dir='ltr'><strong>aliam</strong></span> <span class='ocrx_word' id='word_1_327' title='bbox 766 4126 859 4184; x_wconf 82' lang='lat' dir='ltr'><strong>haram</strong></span> <span class='ocrx_word' id='word_1_328' title='bbox 882 4146 971 4182; x_wconf 81' lang='lat' dir='ltr'>rerum</span> <span class='ocrx_word' id='word_1_329' title='bbox 994 4143 1072 4201; x_wconf 86' lang='lat' dir='ltr'><strong>qoam</strong></span> <span class='ocrx_word' id='word_1_330' title='bbox 1090 4131 1120 4176; x_wconf 89' lang='lat' dir='ltr'><strong><em>tu</em></strong></span> <span class='ocrx_word' id='word_1_331' title='bbox 1138 4136 1179 4176; x_wconf 82' lang='lat' dir='ltr'><strong><em>aa·</em></strong></span> <span class='ocrx_word' id='word_1_332' title='bbox 1195 4114 1236 4176; x_wconf 74' lang='lat'><strong><em>20</em></strong></span> 
     </span>
     <span class='ocr_line' id='line_1_38' title="bbox 124 4209 1179 4295; baseline -0.007 -21"><span class='ocrx_word' id='word_1_333' title='bbox 124 4221 211 4295; x_wconf 75' lang='lat' dir='ltr'><strong>aiguas</strong></span> <span class='ocrx_word' id='word_1_334' title='bbox 230 4238 361 4283; x_wconf 57' lang='lat' dir='ltr'><strong>oausam„</strong></span> <span class='ocrx_word' id='word_1_335' title='bbox 393 4236 424 4274; x_wconf 84' lang='lat' dir='ltr'><strong><em>ea</em></strong></span> <span class='ocrx_word' id='word_1_336' title='bbox 443 4227 531 4275; x_wconf 80' lang='lat' dir='ltr'><strong>autom</strong></span> <span class='ocrx_word' id='word_1_337' title='bbox 548 4215 615 4272; x_wconf 78' lang='lat' dir='ltr'><strong>haee</strong></span> <span class='ocrx_word' id='word_1_338' title='bbox 633 4225 676 4272; x_wconf 78' lang='lat' dir='ltr'><strong><em>est</em></strong></span> <span class='ocrx_word' id='word_1_339' title='bbox 688 4213 785 4292; x_wconf 74' lang='lat' dir='ltr'><strong>„quod</strong></span> <span class='ocrx_word' id='word_1_340' title='bbox 803 4216 889 4271; x_wconf 82' lang='lat' dir='ltr'><strong>anima</strong></span> <span class='ocrx_word' id='word_1_341' title='bbox 907 4212 1034 4287; x_wconf 83' lang='lat' dir='ltr'><strong>loquitur,</strong></span> <span class='ocrx_word' id='word_1_342' title='bbox 1053 4209 1138 4263; x_wconf 79' lang='lat' dir='ltr'><strong>anima</strong></span> <span class='ocrx_word' id='word_1_343' title='bbox 1149 4211 1179 4267; x_wconf 74' lang='lat' dir='ltr'><strong><em>vi</em></strong></span> 
     </span>
    </p>
   </div>
   <div class='ocr_carea' id='block_1_5' title="bbox 976 4315 1028 4369">
    <p class='ocr_par' dir='ltr' id='par_1_7' title="bbox 976 4315 1028 4369">
     <span class='ocr_line' id='line_1_39' title="bbox 976 4315 1028 4369; baseline -0.019 0"><span class='ocrx_word' id='word_1_344' title='bbox 976 4315 1028 4369; x_wconf 74' lang='lat'><strong><em>10*</em></strong></span> 
     </span>
    </p>
   </div>
   <div class='ocr_carea' id='block_1_6' title="bbox 0 0 1401 4876">
    <p class='ocr_par' dir='ltr' id='par_1_8' title="bbox 0 0 1401 4876">
     <span class='ocr_line' id='line_1_40' title="bbox 0 0 1401 4876; baseline 0 0"><span class='ocrx_word' id='word_1_345' title='bbox 0 0 1401 4876; x_wconf 95' lang='lat' dir='ltr'><strong><em> </em></strong></span> 
     </span>
    </p>
   </div>
  </div>
 </body>
</html>
