2776 4876
199 366 275 407 xxrr
577 348 628 407 Th.
648 348 724 406 Galei
742 349 879 427 praelatio.

199 512 305 576 solent
327 511 430 576 indies
451 533 468 573 a
493 510 556 575 deo
579 509 807 596 cognoscendo
830 509 1015 586 abalienari,
1037 508 1113 574 dum
1137 513 1251 574 mentis

199 623 342 700 oculum,
364 633 481 708 sponte
504 645 562 688 sua
586 644 652 687 uon
675 621 846 687 admodum
870 621 1045 698 valentem,
1068 642 1181 708 magus
1205 625 1252 685 in-

199 736 318 800 dustria
340 736 525 801 obstruunt:
547 734 619 799 fieri
642 756 709 799 non
731 744 848 822 potest,
871 736 947 819 quin
971 735 1114 798 inomni
1137 731 1250 797 seculo

197 846 296 912 multa
316 857 460 912 veterum
482 847 750 932 philosophorum
771 855 981 912 renascantur
1003 843 1128 923 deliria,
1149 844 1252 910 mults

199 981 329 1044 quoque
358 958 500 1024 nondum
530 962 660 1046 cognita
687 968 831 1022 monstra
861 967 1038 1041 erumpant
1092 967 1141 1021 est
1171 958 1254 1020 enim

199 1092 289 1136 error
312 1083 344 1135 et
365 1069 533 1156 multiplex
556 1080 589 1134 et
612 1069 801 1135 foecundus.

289 1183 378 1248 Vidit
399 1204 476 1246 sane
498 1182 579 1246 haec
600 1192 711 1246 nostra
734 1193 822 1245 aetas
852 1201 962 1244 omnes
985 1201 1088 1264 paene
1112 1181 1252 1242 omnium

197 1300 401 1381 antiquorum
423 1297 610 1381 opiniones,
641 1295 709 1357 sive
736 1295 769 1356 in
799 1290 937 1356 naturali
966 1290 1173 1376 philosophia
1196 1289 1253 1354 ab·

197 1406 323 1484 surdas,
351 1410 418 1471 sive
441 1411 475 1470 in
498 1404 664 1492 theologia
686 1415 909 1490 portentosas,
937 1425 1055 1490 magna
1083 1423 1203 1489 pompa
1234 1423 1252 1466 e

198 1519 339 1583 tenebris
362 1522 574 1583 resuscitatas.
620 1526 690 1582 tota
717 1518 925 1604 physicorum
956 1515 1103 1581 doctrina
1129 1512 1252 1578 iamdu-

197 1629 273 1694 dum
302 1633 400 1694 iacuit
433 1630 559 1695 deserta
587 1628 683 1714 plane
714 1638 747 1692 et
781 1627 942 1692 derelicta.
994 1627 1103 1692 nullus
1133 1627 1253 1704 Strato,

197 1740 305 1805 nullus
328 1739 538 1828 Chrysippus,
561 1740 671 1805 nullus
695 1751 824 1804 exortus
848 1752 896 1804 est
917 1739 1085 1823 Epicurus,
1116 1739 1171 1822 qui
1193 1758 1253 1822 per

196 1852 305 1916 secula
328 1863 377 1917 tot
399 1876 530 1918 vacuam
552 1856 789 1939 possessionem
811 1854 902 1916 istius
918 1849 1099 1935 praeclarae
1115 1848 1252 1913 familiae

197 1963 285 2028 adire
308 1966 421 2030 voluit.
468 1989 542 2031 ecce
565 1988 653 2031 nunc
675 1964 816 2043 tandem,
847 1967 938 2027 annis
962 1973 1049 2027 retro
1077 1983 1145 2026 nun
1169 1960 1253 2025 adeo
1358 1976 1360 1980 ’

196 2077 313 2154 multis,
336 2082 438 2142 exorti
460 2089 536 2143 sunt
556 2079 703 2142 homines
725 2077 871 2155 fidentes,
900 2074 1026 2163 gloriae
1050 2082 1250 2160 appetentes,

198 2189 382 2254 Thrasoues
404 2188 629 2275 philosophici,
652 2194 707 2275 qui
729 2198 870 2253 veterem
892 2191 985 2252 istam
1008 2200 1251 2270 emortuamque

197 2301 337 2366 fabulam
359 2323 518 2387 reponere
540 2306 693 2389 gestiunt
739 2301 772 2366 hi
794 2321 903 2365 novos
925 2299 1062 2365 mundos
1086 2297 1252 2375 condiunt,

197 2416 315 2478 animas
339 2415 584 2500 compuribus,
614 2423 650 2478 ut
671 2418 755 2502 magi
779 2435 798 2479 e
820 2411 1013 2499 sepulchris,
1043 2411 1190 2487 eliciunt;
1220 2411 1253 2474 hi

197 2525 261 2591 deo
282 2548 405 2591 summo
428 2531 491 2608 (ne
511 2549 546 2592 se
569 2527 655 2591 lorte
669 2527 799 2591 beatum
815 2527 988 2606 existimet)
1012 2546 1104 2590 suum
1120 2544 1251 2609 quoque

198 2658 316 2724 corpus
340 2644 596 2725 circumponunt.

284 2752 409 2816 Horum
431 2752 594 2815 bominum
616 2753 736 2834 scripta
761 2752 789 2813 si
810 2748 897 2836 lego,
925 2752 1082 2814 continuo
1106 2769 1251 2836 agnosco

196 2865 320 2927 iuratos
340 2865 577 2948 superstitionis
600 2863 724 2937 hostes;
748 2861 974 2948 progrediente
996 2862 1160 2946 phasmate
1184 2883 1252 2926 cer-

197 2977 335 3039 tissimos
364 2978 468 3039 omnis
502 2975 671 3062 religionis
704 2976 849 3040 inimicos
885 2974 1102 3059 deprehendo.
1152 2973 1253 3039 multa

197 3085 284 3172 apud
308 3109 365 3151 eos
387 3086 484 3151 video
507 3101 600 3151 acute
623 3087 723 3165 dicta,
751 3085 851 3151 multa
879 3085 1041 3151 subtiliter
1063 3089 1253 3174 excogitate,

195 3199 293 3263 multa
315 3200 505 3284 periculose,
526 3199 628 3264 multa
647 3198 836 3285 capitaliter.
881 3197 925 3263 ob
940 3199 1021 3264 haec
1035 3211 1140 3263 tamen
1155 3218 1251 3263 nemo

197 3315 257 3375 nisi
281 3307 462 3400 ὀψιμαθής
488 3314 572 3376 istos
599 3311 816 3378 admirabitur.
861 3314 923 3396 ipsi
947 3313 1029 3375 enim
1059 3332 1193 3376 suorum
1213 3310 1253 3374 li-

197 3425 328 3489 brorum
350 3446 425 3510 pars
449 3424 604 3508 quantula
628 3429 716 3488 sunt!
762 3423 880 3489 Graeci
904 3422 980 3488 olim
1003 3426 1138 3488 Verrem
1162 3443 1253 3508 repe

197 3533 306 3599 tundis
334 3536 557 3621 postulabant3
585 3540 613 3602 si
642 3536 757 3601 Graeci
786 3540 903 3600 iterum
931 3536 1062 3621 pallium
1091 3545 1252 3601 vetustum

196 3669 289 3711 snum
311 3659 526 3732 reposcerent,
550 3655 594 3714 ita
616 3651 670 3714 isti
690 3651 910 3734 reperirentur
932 3660 1009 3736 post
1031 3650 1119 3714 litem
1143 3658 1252 3713 conte

197 3768 312 3824 statam
334 3773 367 3823 et
388 3760 475 3826 docti
498 3773 533 3827 et
553 3762 734 3849 locupletes
760 3759 955 3847 philosophi,
985 3760 1253 3848 quemadmodum
1308 3803 1310 3809 ·

196 3870 321 3937 Siculus
343 3870 397 3935 ille
419 3871 542 3957 praedo
565 3885 711 3960 repertus
741 3875 803 3938 fuit
833 3885 865 3938 et
887 3877 937 3938 vir
965 3875 1071 3940 honus
1102 3885 1135 3938 et
1158 3896 1254 3959 quae·

197 3995 267 4051 stur
287 3983 452 4049 modestus
477 3993 509 4048 et
532 3983 671 4072 diligens
693 3997 786 4072 pater
807 3988 953 4052 familias.

285 4096 367 4182 Quis
382 4095 518 4175 tandem,
534 4095 625 4173 cedo,
647 4100 780 4164 istorum
795 4104 986 4187 scriptorum
1001 4100 1145 4165 lructus?
1167 4097 1254 4163 haud

197 4211 264 4274 scio
288 4231 328 4274 an
352 4208 429 4274 alias
452 4231 592 4296 unquam
614 4219 690 4295 post
717 4223 814 4278 natos
841 4215 987 4279 homines
1016 4211 1149 4278 uberior
1177 4213 1255 4275 exti-
