2776 4876
168 367 219 420 156
1150 368 1223 434 3‚24

166 525 223 587 καὶ
244 519 368 601 ταύτην
390 519 601 601 αὐτεξούσιον
630 519 713 591 ὅταν
741 519 902 606 βούληται
930 526 986 588 καὶ
1015 517 1107 589 ὡσάν
1138 526 1222 614 θέλῃ

166 633 236 721 μετ’
257 633 421 718 εὐμενείας
443 628 481 698 τό
504 636 624 717 μέλλον
646 631 911 725 ἀναφαίνουσαν.

110 752 149 810 24
262 746 374 810 Ταῦτα
396 747 456 829 μὲν
479 736 538 811 οὖν
560 746 711 810 τοιοῦτον
734 748 828 830 ἐχίτω
845 739 903 810 τόν
918 742 1161 829 ἀπολογισμόν·
1186 752 1256 813 toa

167 858 202 922 δέ
224 865 293 932 τοῖς
314 850 398 940 μετά
419 860 526 922 ταῦτα
548 851 745 941 πειρώμενος
762 850 826 920 τόν
849 853 972 940 τρόπον
1001 853 1222 942 διερμηνεύειν

166 967 225 1046 τῆς
246 969 415 1050 μαντικῆς,
444 965 591 1054 ἀναιρεῖς
614 961 717 1045 αὐτὴν
745 962 966 1032 παντάπασιν.
1013 973 1040 1031 εί
1068 962 1132 1050 γάρ
1155 962 1220 1031 πά-

167 1081 235 1154 θος
258 1081 366 1164 ψυχῆς
388 1077 495 1143 α’ίτιον
518 1075 620 1157 αὐτῆς
642 1080 862 1156 καθίσταται,
891 1080 941 1154 τίς
963 1072 1006 1144 ἀν
1028 1067 1064 1142 εὖ
1086 1079 1221 1165 φρονῶν
1240 1101 1257 1151 e

166 1184 299 1272 ἀστάτῳ
320 1184 489 1274 πράγματι
511 1191 566 1253 καὶ
589 1186 760 1273 ἐμπλήκτῳ
781 1185 967 1275 πρόγνωσιν
995 1187 1139 1268 ἀποδοίη
1168 1211 1221 1253 τε·

167 1304 331 1384 ταμμένην
353 1303 409 1365 καὶ
432 1296 623 1388 σταθεράν,
651 1293 675 1379 ἢ
702 1303 734 1365 τί
763 1297 886 1380 δήποτε
913 1301 1136 1387 σωφρονοῦσα
1161 1301 1221 1384 μὲν

166 1408 300 1498 ἡψυχὴ
322 1414 378 1475 καὶ
400 1407 558 1498 ἄτρεπτος
587 1401 671 1476 οὖσα
701 1405 785 1475 κατά
813 1407 874 1487 τάς
900 1411 1074 1495 βελτίονας
1102 1411 1256 1489 tanariae

166 1519 319 1606 δυνάμεις
340 1517 400 1598 τάς
422 1518 539 1607 νοεράς
561 1525 617 1587 καὶ
639 1518 850 1602 διανοητικάς
865 1519 978 1605 ἀγνοεῖ
992 1519 1030 1586 τὸ
1052 1517 1220 1604 ἐσόμενον,

167 1629 342 1716 πάσχουσα
366 1634 400 1698 δέ
422 1627 508 1697 κατά
530 1627 590 1710 τάς
612 1630 774 1710 ἀτάκτους
796 1637 852 1698 καὶ
867 1629 1065 1720 ταραχώδεις
1079 1628 1221 1712 κινήσεις

166 1739 334 1825 ἐπιβάλλει
357 1747 402 1825 τῷ
424 1745 591 1827 μέλλοντι,
615 1747 647 1808 τί
668 1739 733 1830 γάρ
756 1740 877 1824 δήποτε
899 1746 954 1809 καὶ
970 1747 1033 1829 ἔχει,
1047 1739 1085 1808 τό
1101 1739 1221 1820 πάθος
1241 1760 1274 1810 12

167 1860 286 1919 οἰκεῖον
310 1860 355 1928 εὶς
376 1850 437 1933 τὴν
460 1856 608 1938 θεωρίαν
632 1857 695 1919 των
718 1851 838 1932 όντων;
862 1860 894 1920 τί
916 1857 951 1921 δέ
966 1854 1149 1940 οὐμᾶλλον
1163 1859 1220 1938 ἐμ·

166 1965 289 2043 ποδίζει
310 1960 393 2050 πρὸς
416 1963 647 2050 ἀληθεστέραν
668 1963 886 2048 κατανόησιν,·
909 1969 957 2031 ἐτι
978 1970 1089 2032 τοίνυν
1112 1972 1140 2031 εί
1161 1969 1221 2051 μὲν

166 2071 221 2141 διά
243 2078 368 2140 παθῶν
392 2071 433 2139 τά
456 2072 636 2160 πράγματα
659 2073 700 2141 τά
723 2082 758 2141 ἐν
781 2079 828 2159 τῷ
849 2073 962 2160 κόσμῳ
984 2081 1170 2155 συνίστατο,
1187 2075 1220 2157 ,ἡ
1240 2101 1273 2152 15

166 2185 325 2271 ὁμοίωσις
346 2181 389 2249 ἀν
411 2189 476 2251 τῶν
497 2189 621 2252 παθῶν
645 2182 707 2272 εἶχέ
731 2209 805 2252 τινα
827 2183 911 2273 πρὸς
927 2184 1013 2252 abaci
1028 2186 1221 2268 οἰκειότητα,

166 2304 193 2363 εί
216 2299 249 2362 δὲ
273 2292 327 2362 <iaci
351 2297 458 2380 λόγων
479 2300 535 2362 καὶ
558 2293 612 2361 ὃιά
635 2299 700 2362 τῶν
723 2299 816 2363 εἰδῶν
839 2299 1037 2378 ἐπιτελεῖται,
1064 2295 1149 2378 άλλη
1171 2323 1221 2375 τις

237 2555 260 2602 1.
289 2549 322 2610 ὡς
341 2549 373 2603 ἀν
393 2552 471 2621 ἐθέλῃ
493 2552 571 2603 ACD.
644 2556 668 2604 2.
698 2547 888 2623 ἀναφαίνονσα
908 2553 987 2617 ᾼΒΙ).
1061 2554 1122 2604 Μ.
1151 2552 1220 2620 διερ-

235 2633 341 2706 μηνεόει
353 2635 401 2705 τῆς
415 2636 444 2699 C,
468 2635 718 2707 διερμηνευτικῇςΒ.
794 2641 816 2691 5.
829 2642 853 2692 6.
881 2639 990 2698 πάθους
1009 2638 1041 2688 Ι),
1115 2639 1140 2687 7.
1168 2630 1222 2688 οἶτ-

237 2721 325 2793 apoto>
345 2721 376 2774 B.
485 2724 543 2774 7.8.
572 2726 713 2793 τεταμένην
734 2724 837 2777 ABcD.
941 2725 964 2776 8,
993 2723 1168 2794 σοφρονοῦσα
1186 2721 1220 2773 D.

238 2811 277 2860 10.
307 2806 381 2860 οἱνόει
399 2809 431 2859 D.
453 2802 465 2874 ΙΙ
486 2806 625 2877 ίσόμενον]
644 2808 678 2861 sie
696 2809 777 2873 BCl),
804 2810 929 2881 ἑπόμενον
949 2814 979 2870 Α,
1007 2807 1149 2877 ἐσσόμενον
1168 2806 1201 2858 0.

166 3020 239 3098 quod
258 3018 364 3096 quando
382 3017 440 3073 vult
457 3028 484 3073 ct
502 3021 637 3095 σαοωοᾶο
655 3021 714 3077 vult
731 3021 816 3078 lutum
842 3024 920 3078 nobis
944 3020 1045 3077 revelet
1063 3040 1123 3076 cum
1140 3019 1222 3076 bene·

165 3107 289 3164 volentia.

108 3191 147 3248 24
238 3193 309 3249 llaec
326 3194 407 3267 igitur
425 3193 505 3247 istam
522 3190 637 3248 habeant
661 3196 871 3270 responsionem.
921 3196 949 3249 in
967 3194 1001 3248 iis
1021 3212 1088 3268 quae
1106 3210 1222 3266 sequun-

165 3289 217 3347 tur,
237 3279 300 3334 dum
317 3281 423 3335 conaris
442 3277 550 3334 modum
568 3278 740 3335 divinationis
753 3278 895 3357 explicare,
913 3282 999 3356 ipsam
1011 3276 1130 3333 funditus
1145 3296 1221 3333 evea·

165 3367 208 3420 tis.
254 3368 278 3420 si
300 3386 353 3441 qua
376 3367 478 3420 animae
501 3365 667 3441 perturbatio
690 3367 748 3421 eins
767 3387 846 3422 causa
869 3367 1061 3430 constituatur,
1082 3364 1145 3438 quis
1167 3372 1221 3430 est,

164 3453 244 3509 modo
263 3451 407 3528 quidquam
426 3452 520 3527 sapiat,
539 3453 584 3524 qni
603 3453 642 3506 rei
660 3449 779 3507 instabili
791 3461 819 3507 et
831 3454 959 3507 attonitae
971 3461 1071 3508 certam
1081 3459 1222 3523 ratamque

163 3539 408 3614 praecognitionem
424 3536 543 3592 tribucre
560 3535 641 3591 velit?
668 3547 714 3593 aut
732 3537 866 3614 quomodo
884 3540 970 3592 anima
982 3536 1073 3593 sobria
1085 3544 1112 3591 et
1123 3536 1221 3611 imper-

165 3621 269 3677 turbata
286 3642 420 3699 agensque
438 3621 584 3679 secundum
596 3626 667 3678 vires
679 3643 741 3679 suas
754 3625 877 3701 optimas,
896 3621 955 3678 scil.
973 3620 1167 3679 intellectuales
1179 3641 1221 3676 ra·

164 3705 339 3784 tionalesque,
357 3708 444 3764 flatura
463 3729 515 3764 non
534 3711 691 3786 prospiciat,
709 3712 863 3787 perturbata
882 3729 946 3765 vero
965 3710 1082 3765 motibus
1094 3706 1222 3783 irregula-

165 3792 240 3848 ribus
259 3803 286 3848 et
303 3793 481 3851 tumultuariis
499 3795 616 3851 laturum
633 3797 782 3852 coniectati
801 3801 805 3808 '
828 3798 963 3852 enimvero
983 3795 1104 3872 quidest
1119 3796 1221 3872 inpas-

165 3879 242 3934 sione
259 3887 350 3954 aptum
368 3889 396 3934 et
413 3882 641 3938 accommodatum
664 3881 698 3937 ad
722 3901 810 3937 rerum
833 3880 1101 3959 contemplationem?
1137 3882 1221 3936 immo

165 3963 231 4040 quid
255 3983 309 4018 non
332 3965 451 4041 ineptum
474 3971 563 4042 potius
586 3969 618 4024 ad
642 3970 765 4024 veritatis
787 3970 1004 4046 perceptionem?
1035 3976 1172 4046 praeterea
1196 3968 1221 4021 si

164 4071 208 4106 res
227 4052 302 4128 ipsae
320 4051 348 4104 in
366 4050 464 4106 mundo
482 4072 532 4128 per
543 4057 684 4130 passiones
696 4053 820 4111 conditae
833 4053 954 4122 luissent,
973 4056 1067 4131 utique
1077 4055 1220 4131 passiones

165 4134 281 4211 aliquam
299 4135 332 4192 ad
350 4156 395 4191 eas
414 4134 615 4194 similitudinem
633 4139 840 4216 affinitatemque
858 4139 994 4207 haberent,
1016 4160 1077 4196 cum
1095 4158 1161 4196 vcro
1180 4157 1222 4192 ra-

167 4221 283 4278 tionibus
302 4232 329 4278 et
347 4222 416 4278 ideis
435 4223 595 4278 constitutae
614 4223 711 4282 luerint
729 4237 756 4282 et
774 4236 896 4302 agantur,
920 4226 1089 4283 hauddubie
1108 4224 1159 4281 alia
1178 4234 1222 4280 est
