2776 4876
207 372 241 425 tl
1201 364 1255 429 nt

206 525 326 603 κάλλος
353 535 408 591 καί
437 524 600 614 αὐτοφυὲς
621 527 827 602 ἐπιδείκνυσι,
856 519 899 588 τὰ
927 525 963 588 δὲ
985 520 1171 612 εὐμορφίαν
1198 544 1256 586 τιε-

206 641 399 722 τιλασμίνην
420 640 477 703 καί
498 631 735 716 ίιτισκιναοτὴν
762 639 924 726 ἐμφαίνει.
969 628 1012 699 τὰ
1040 634 1076 699 δὲ
1102 635 1169 698 τῶν
1189 650 1256 719 aas·

202 751 271 834 γαῖν
292 755 328 814 ὲν
349 745 460 831 λόγοις
474 751 534 830 μίν
549 751 607 814 καὶ
620 743 706 813 αὐτοί
721 744 977 830 διακεκόσμηται
989 749 1255 830 σιτιιραομίνοις,
1273 754 1291 808 8

108 892 111 900 ·
205 861 410 952 διῃρημένοις
431 859 466 924 δὲ
487 860 617 943 μᾶλλον
637 861 702 925 τῶν
724 864 759 923 ίν
781 868 851 934 τοῖς
871 852 972 942 ἥρωσι
992 859 1049 923 καί
1070 857 1256 943 περιειλημ-

205 976 317 1053 μίνοις
337 972 496 1058 μιριστῶς
517 973 573 1037 καὶ
593 975 826 1055 κρατουμένοις
845 965 904 1055 ὑφ’
923 963 997 1044 ίνδς
1018 965 1131 1043 είδοντα
1177 973 1205 1032 at
1220 968 1255 1031 δὲ

204 1082 254 1148 δεῖ
275 1077 361 1147 κατὰ
382 1077 516 1146 πόντον
544 1083 659 1156 κοινῶς
687 1078 933 1170 ἀφορίσασθαι,
962 1081 1049 1168 φημί
1075 1081 1143 1144 τῶν
1169 1073 1291 1151 diove

204 1191 312 1282 ὥσπερ
340 1199 462 1260 ἕκαστα
491 1195 700 1259 διατέτακται
726 1196 783 1258 καί
811 1189 855 1269 ὡς
882 1195 946 1278 ίγει
966 1195 1027 1271 τῆς
1047 1193 1169 1266 οἰκείας
1191 1187 1255 1278 φό-

204 1411 421 1502 διακλήρωσιν
441 1416 671 1502 μετειληχίναι.
1273 1428 1291 1478 ν

166 1529 185 1585 4
288 1524 356 1590 Ἐπ’
375 1521 462 1591 ἄλλα
483 1530 595 1592 τοίνυν
615 1523 776 1610 ίδιιίματα
793 1524 903 1592 αὐτῶν
916 1522 1083 1610 μετιόντος
1103 1525 1255 1607 λέγοιμεν,

204 1636 247 1713 ὡς
269 1634 386 1718 ὀξύτης
408 1643 443 1703 tu
470 1648 545 1716 scta
571 1641 745 1721 ἐνεργείαις
773 1634 866 1724 παρὰ
894 1640 955 1721 μίν
982 1648 1051 1712 τοῖς
1082 1638 1177 1711 θεοῖς
1197 1637 1254 1699 καί

204 1746 307 1814 αὐτοῦ
328 1751 388 1814 τοῦ
404 1751 470 1814 ’νοῦ
498 1755 658 1836 ταχντίρα
685 1746 877 1832 διαλάμπει,
905 1752 1013 1814 καίτοι
1038 1745 1189 1826 ἀκίνητοί
1216 1768 1253 1830 γι
1274 1759 1309 1808 12

203 1864 238 1922 ίν
259 1856 376 1936 αὐταῖς
397 1863 452 1925 καί
476 1860 642 1943 οταθεραί
665 1865 746 1925 ιίισιν
768 1858 884 1926 αὐταί·
912 1855 1005 1944 nepai
1026 1861 1061 1924 δὲ
1083 1869 1155 1933 τοῖς
1176 1855 1253 1942 ἀρχ-

202 1971 353 2053 αγγίλοις
375 1964 550 2055 ούμμιιίτοί
571 1967 639 2046 σός
661 1977 742 2037 είοιν
764 1977 800 2036 αί
828 1974 1005 2057 ταχντῆτες
1033 1969 1142 2036 αὐτῶν
1172 1970 1253 2051 δρα-

203 2085 348 2167 στιγρίοις
369 2085 558 2166 ίνεργιίαις·
582 2087 617 2147 αί
640 2085 674 2148 δὲ
696 2086 761 2149 τῶν
783 2082 929 2167 ἀγγέλων
944 2080 1150 2170 ίιμοίτιτονταί
1165 2103 1254 2156 τινος
1273 2099 1307 2149 15

201 2186 265 2272 ἥδη
287 2190 449 2276 κγνήσεως,
471 2198 526 2259 καί
550 2189 588 2258 τό
610 2191 680 2278 ἅμα
696 2197 742 2278 τῷ
756 2197 860 2277 λέγειν
874 2189 1125 2259 ἀποτελεστικὸν
1147 2191 1255 2258 οίνιίτι

201 2303 323 2389 ὁμοίως
356 2301 613 2396 τιροοειλήφαοι·
641 2301 733 2392 παρὰ
761 2308 795 2371 δί
823 2317 893 2382 τοῖς
921 2306 1056 2390 δαίμοσι
1081 2307 1254 2394 φαντασία

273 2542 294 2590 1.
323 2536 426 2604 adlice]
446 2533 524 2595 uilloc
543 2537 573 2588 C.
643 2541 668 2589 2.
696 2543 741 2590 sal
758 2558 809 2589 om·
824 2543 852 2588 Α.
867 2533 878 2606 ΙΙ
892 2536 1103 2605 innonovanda]
1122 2537 1157 2588 sic
1172 2536 1252 2598 Act),

270 2625 483 2691 ίτιισκευασιικὴν
502 2624 535 2674 0.
597 2626 620 2675 5.
647 2623 775 2694 μεριστῶν
794 2622 823 2677 C.
884 2625 907 2676 8.
936 2622 1004 2676 οὕτω
1026 2624 1055 2674 Α.
1123 2626 1163 2674 11.
1192 2618 1252 2680 dirl-

271 2731 310 2768 τις
329 2708 382 2762 AC.
499 2709 540 2762 13.
569 2715 593 2762 ίν
612 2706 704 2769 αὑτοῖς
724 2708 801 2761 ΑΕΒ.
823 2705 835 2777 ΙΙ
856 2706 952 2776 αὗταί]
971 2705 1054 2762 αὗται
1070 2709 1104 2760 D.
1126 2703 1138 2776 ΙΙ
1159 2704 1251 2780 παρὰ]

273 2799 332 2865 περὶ
357 2797 435 2848 ABD.
563 2798 661 2848 1115.
690 2795 874 2866 δραστηρίοις]
898 2797 931 2848 sic
951 2797 1008 2859 AC,
1035 2797 1195 2866 didascalum
1219 2794 1251 2846 0.

275 2883 316 2934 16.
344 2877 440 2934 οὖκεδ’
462 2886 490 2932 Α.

202 3110 288 3189 palem
310 3109 441 3186 quandam
462 3108 688 3186 pulchritudinem
711 3122 739 3167 et
761 3114 877 3167 nativam
899 3109 1056 3177 ostendunt,
1080 3108 1132 3176 illi,
1156 3129 1253 3186 nempe

203 3196 359 3263 materiales,
377 3195 467 3252 lictum
485 3206 512 3250 et
530 3196 689 3253 elaboratam
707 3198 832 3274 produnt.
877 3199 1022 3253 animarum
1033 3194 1204 3274 pulchritudo
1224 3196 1252 3250 in

203 3284 349 3340 rationibus
368 3284 447 3338 etiam
465 3285 590 3338 consistit
601 3283 791 3352 determinatis,
810 3284 858 3340 sed
870 3284 984 3340 diversis
997 3286 1079 3360 magis
1092 3302 1171 3359 quam
1183 3302 1252 3358 quae

201 3372 309 3427 suntin
327 3368 550 3440 beronmlorma‚
574 3381 601 3426 et
618 3371 805 3448 particularius
824 3373 1050 3446 circumscriptis,
1075 3380 1103 3425 et
1126 3368 1176 3425 sub
1199 3388 1252 3424 una

202 3459 291 3536 specie
311 3455 519 3533 comprehensis.
568 3477 660 3513 verum
677 3464 700 3513 si
719 3466 841 3534 oporteat
863 3459 980 3513 omnium
1001 3456 1127 3512 idiomata
1145 3474 1253 3532 genera·

202 3543 263 3599 liter
281 3543 401 3610 delinire,
425 3543 485 3599 dico
504 3546 591 3599 omnia
609 3543 835 3622 pulchritudinem
853 3546 944 3600 sortiri
961 3563 1012 3620 pro
1030 3565 1060 3599 ea
1078 3545 1107 3599 in
1124 3562 1176 3618 qua
1193 3560 1253 3597 ver·

202 3638 294 3686 santur
311 3629 464 3686 conditione
482 3630 585 3687 ordinis
602 3641 710 3687 naturae
727 3632 858 3708 propriae.

165 3727 184 3783 4
274 3713 319 3770 Ad
336 3713 386 3770 alia
404 3717 484 3792 igitur
501 3718 626 3774 idiomata
645 3736 736 3772 eorum
753 3726 925 3784 transeamus,
943 3717 1114 3790 dicamusque
1132 3713 1206 3789 qnod
1224 3715 1252 3768 in

202 3801 401 3881 operationibus
417 3802 529 3860 deorum
546 3803 675 3861 velocitas
694 3803 821 3879 quaedam
839 3806 888 3871 sit,
912 3822 979 3878 quae
996 3805 1056 3880 ipsa
1073 3810 1161 3857 mente
1184 3799 1252 3856 cele·

203 3891 259 3945 rius
276 3889 379 3955 emicm,
397 3908 457 3944 cnm
475 3899 562 3946 tamen
581 3889 641 3946 illae
658 3892 733 3968 ipsae
751 3886 919 3966 operationes
938 3888 1087 3945 immobiles
1100 3891 1127 3943 in
1140 3907 1170 3943 se
1182 3888 1251 3964 ipsis

202 3987 232 4033 et
248 3973 358 4032 stabiles
377 3993 482 4053 semper
499 3979 566 4042 sint;
585 3976 801 4053 archangelorum
819 3976 975 4035 velocitates
992 3977 1187 4053 permiscentur
1204 3971 1251 4028 ali·

203 4072 331 4141 qnatenus
350 4081 410 4117 cum
428 4063 627 4138 operationibus
639 4063 805 4129 efficacibns;
823 4062 975 4140 angelornm
987 4062 1021 4118 de
1033 4071 1106 4116 motu
1118 4080 1172 4116 non
1184 4058 1251 4115 nibil

203 4151 361 4229 percipiunt,
386 4168 434 4204 nec
452 4151 552 4226 pariter
570 4149 668 4205 babent
685 4160 714 4205 ut
733 4149 812 4207 simul
831 4171 891 4205 cmn
909 4150 981 4206 dicto
1000 4148 1073 4225 qnod
1090 4146 1176 4204 velint
1192 4166 1252 4225 per·

204 4236 308 4303 licinum
331 4235 473 4293 daemones
491 4255 546 4292 non
563 4245 618 4291 tam
635 4235 758 4293 celeriter
776 4256 856 4314 opera
879 4256 926 4292 sua
945 4235 1089 4312 expediunt
1104 4253 1202 4291 revera
1220 4254 1251 4289 ac
