2776 4876
526 342 671 422 Porphyrii
688 341 811 421 epistola.
1116 357 1194 398 xxxi

139 510 195 572 καὶ
217 502 383 588 ἐκθύσεις,
406 507 462 570 καὶ
478 507 524 570 ἔτι
539 506 669 587 μᾶλλον
683 508 720 568 αὶ
734 499 908 588 λεγόμεναι
929 499 1072 584 ἀνάγκαι
1087 504 1193 567 θεῶν·

140 613 307 699 σἰκήλητον
321 612 385 705 γὰρ
401 620 457 682 καὶ
480 614 646 699 ἀβίαστον
665 618 721 680 καὶ
737 610 1034 698 ἀκατανάγκαστον
1056 610 1094 678 τὰ
1111 611 1194 678 ἀπα

90 743 120 793 '³
140 731 220 806 θές·
243 731 312 806 πῶς
325 719 387 795 οὖν
400 724 486 813 πρὸς
500 730 665 812 ἐμπαθεῖς
679 721 800 803 αὐτοὺς
813 721 922 791 πολλα
937 725 1057 811 δρᾶται
1070 731 1106 791 ἐν
1123 735 1195 802 ταῖς
1212 724 1231 783 5

140 845 354 929 ἱερονργίαιςς
378 836 465 905 ἀλλὰ
487 843 541 905 καὶ
558 844 593 903 αἱ
608 837 737 919 κλήσεις
751 837 794 915 ὡς
815 832 899 924 πρὸς
913 839 1079 921 ἐμπαθεῖς
1091 832 1195 912 θεοὺς

141 956 326 1036 γίγνονται,
357 949 439 1019 ὥστε
468 950 528 1039 οὐχ
556 955 588 1017 οὶ
611 953 766 1034 δαίμονες
788 947 893 1032 μόνον
914 953 997 1014 ελσὶν
1020 952 1195 1030 ἐμπαθεῖς,

105 1059 229 1130 editt
251 1072 308 1129 καὶ
330 1069 362 1129 οἱ
386 1067 465 1130 θεολ
488 1057 573 1129 κατολ
596 1057 657 1128 τὸν
682 1056 841 1150 Ὅμηρον·

230 1180 385 1260 στρεπτοὶ
408 1177 443 1240 δέ
466 1199 500 1241 τε
522 1176 578 1239 καὶ
602 1176 681 1238 θεοὶ
703 1170 815 1238 αὐτοί·

227 1290 271 1352 Et
291 1290 325 1353 δὲ
340 1282 444 1363 θεοὺς
459 1289 519 1370 μὲν
533 1287 685 1371 λέγωμεν,
708 1281 751 1362 ὥς
766 1307 859 1361 τινες,
884 1280 967 1360 νόας
982 1280 1066 1348 εἶναι
1080 1288 1193 1348 καθα-

103 1408 121 1459 t
139 1397 225 1486 ρούς,
248 1403 311 1465 νοῦ
332 1402 365 1466 δὲ
389 1395 546 1485 μετόχους
568 1393 727 1483 eripiente
748 1391 848 1474 ὄντας
863 1391 939 1472 τοὺς
955 1398 1125 1481 δαίμονας,
1147 1397 1196 1459 ἔτι

139 1513 267 1595 μᾶλλον
289 1509 442 1588 σἰκλίτονς
463 1513 520 1575 καὶ
542 1507 671 1593 ἀμιγεῖς
693 1511 872 1588 αλσθητοῖς
893 1503 1067 1583 εἶναιτοὺς
1082 1509 1193 1570 καθα-

139 1618 218 1707 (soie
239 1620 337 1698 νόας·
361 1627 396 1687 αἱ
418 1624 454 1687 aia
477 1624 638 1687 λιτανεῖαι
659 1619 833 1709 ἁλλότριαί
854 1626 917 1685 atus
938 1620 1193 1709 προσφέρεσθαι

88 1740 120 1789 ¹2
140 1728 222 1822 πρὸς
243 1731 303 1814 τὴν
318 1738 376 1800 τοῦ
391 1737 451 1800 νοῦ
466 1730 703 1820 καθαρότητα·
727 1728 814 1798 ἀλλὰ
828 1735 885 1797 καὶ
899 1728 942 1795 τὰ
957 1726 1193 1816 προσαγόμενα

140 1846 183 1923 ὡς
205 1844 289 1932 πρὸς
311 1843 531 1925 αἰσθητικοὺς
552 1849 608 1909 καὶ
631 1841 791 1931 ιμνχικοιλς
812 1841 1024 1930 προσάγεται.
1097 1878 1102 1888 ·

231 1953 292 2038 Μὴ
315 1961 427 2023 τοίνυν
449 1955 578 2042 σώματι
600 1960 657 2022 καὶ
672 1953 839 2044 ἀσωμάτῳ
854 1958 933 2020 θεοὶ
947 1952 1117 2039 δαιμόνων
1129 1978 1195 2040 χω·
1212 1958 1232 2016 6

88 2079 121 2128 ¹⁶
140 2071 305 2156 ρι’ζονταις
330 2076 356 2134 ελ
380 2070 414 2135 δὲ
438 2067 610 2154 ἀσώματοι
631 2066 742 2154 μόνως
756 2073 789 2134 ολ
805 2071 891 2146 θεοί,
914 2069 982 2144 πῶς
997 2061 1038 2146 δὴ
1054 2063 1146 2146 ἥλιός
1160 2089 1195 2131 τε

139 2184 195 2246 καὶ
218 2179 340 2262 σελήνη
362 2184 418 2245 καὶ
442 2186 473 2246 οἱ
496 2188 531 2247 ἐν
553 2180 686 2267 οὐρανῷ
708 2188 867 2271 ἐμφανεῖς
887 2183 1020 2245 ἔσονται
1041 2182 1138 2259 θεοῖς

209 2473 314 2524 Fontes:
345 2471 404 2539 §.i
423 2472 517 2524 iambi.
530 2471 592 2533 1,11
616 2472 713 2537 1215;
728 2468 787 2531 8..ss
861 2471 920 2539 §.a
939 2473 1032 2524 Jambi.
1047 2470 1070 2529 l,
1081 2472 1143 2522 16-
1152 2471 1193 2520 18.

139 2760 227 2813 tiones
245 2756 420 2834 profitentur;
444 2768 471 2814 et
488 2760 632 2835 praecipue
655 2761 748 2814 inanae
771 2767 849 2812 erunt
872 2759 939 2812 istae
961 2755 1041 2832 vulgo
1063 2759 1195 2812 iactitatae

139 2843 252 2899 deornm
264 2845 451 2899 necessitates.
496 2843 569 2919 quud
588 2846 658 2900 enim
674 2847 730 2922 pati
749 2863 802 2899 nnn
820 2853 919 2922 potest,
938 2843 1010 2899 idem
1027 2863 1078 2898 nee
1095 2841 1196 2898 demul-

140 2932 194 2985 ceri
213 2950 262 2986 nee
285 2932 344 3006 cogi
362 2940 466 3008 potest,
492 2950 542 2986 nee
564 2933 729 2987 necessitari
775 2932 909 3008 quomodo
932 2933 1013 3006 igitur
1035 2949 1096 3005 erga
1119 2928 1195 2995 deus,
1213 2931 1232 2989 5

141 3019 217 3092 qussi
235 3018 291 3072 sint
310 3017 445 3094 patibiles,
464 3015 574 3072 muita
565 3037 593 3072 in
613 3019 681 3095 ipsis
699 3020 784 3075 saeris
803 3018 998 3075 conficiuntur?
1026 3026 1100 3073 certe
1122 3018 1196 3093 ipsae

140 3104 321 3158 invocationes
341 3103 408 3158 fiunt
426 3123 486 3178 erga
510 3102 575 3159 dens
600 3114 724 3180 tanquam
747 3103 879 3182 patibiles.
929 3106 1009 3179 igitur
1032 3123 1085 3161 non
1108 3101 1196 3157 selum

140 3188 282 3245 daemones
304 3189 354 3245 sed
373 3199 400 3245 et
418 3188 483 3245 dii·
475 3193 528 3266 spsi
547 3191 718 3266 passionibus
738 3201 816 3246 erunt
834 3190 942 3246 obnoxii
967 3191 1040 3244 iuxta
1043 3168 1126 3244 illud
1144 3187 1197 3244 Ησ-

140 3278 265 3331 mericum

208 3360 342 3418 flexibiles
361 3373 424 3418 sunt
442 3373 469 3418 et
488 3362 552 3418 dii·
545 3364 606 3441 1psi.

210 3448 319 3504 sivero
332 3449 398 3505 deos
412 3448 538 3515 dicamus,
552 3449 625 3525 quod
638 3449 797 3527 quibusdam
809 3449 907 3528 placet,
918 3469 979 3505 esse
991 3458 1095 3505 mentes
1104 3468 1195 3525 puras,

140 3534 283 3590 daemonas
301 3546 389 3592 autem
407 3557 454 3592 sua
473 3539 590 3593 essentia
609 3536 745 3604 animales,
764 3547 792 3592 et
810 3538 908 3591 mentis
926 3546 1028 3591 tantum
1040 3537 1196 3613 participes,

140 3622 192 3676 iam
209 3624 293 3698 magis
306 3632 384 3678 erunt
396 3623 558 3679 inflexibiles
570 3624 705 3700 rebusque
717 3625 857 3700 corporeis
869 3621 1102 3701 impermiscibiles
1113 3642 1196 3700 purae

140 3718 255 3775 mentem
273 3708 395 3784 adeoque
412 3719 440 3765 et
456 3729 552 3787 preces
570 3720 679 3766 nostrie
690 3707 765 3764 nullo
777 3707 858 3764 modo
871 3708 1065 3764 accommodari
1082 3718 1197 3787 possunt

139 3793 173 3849 ad
197 3804 298 3851 tantam
321 3796 419 3851 mentis
442 3797 594 3873 puritatem.
639 3805 756 3851 attamen
778 3794 844 3850 haec
869 3795 1008 3852 distinctio
1031 3795 1121 3852 locum
1141 3815 1196 3850 nnn

139 3880 232 3949 habet3
250 3903 311 3937 nam
330 3901 398 3957 quae
416 3881 563 3938 offeruntur
581 3885 609 3938 in
628 3884 722 3948 saeris,
740 3890 865 3957 tanquam
886 3903 967 3939 sensu
981 3893 1009 3940 et
1019 3885 1107 3938 anima
1120 3893 1197 3938 nten-

139 3967 212 4023 tibus
230 3969 386 4024 offeruntur.

209 4054 348 4132 Numquid
366 4056 454 4130 igitur,
473 4053 547 4131 qnod
565 4053 647 4131 aliqui
666 4057 826 4124 existimant,
844 4076 894 4134 per
911 4076 1010 4134 eorpus
1028 4067 1056 4112 et
1073 4058 1196 4132 incorpo-
1213 4056 1233 4114 6

139 4159 214 4195 reum
232 4139 270 4196 dii
287 4150 315 4196 et
333 4140 477 4197 daemones
495 4140 709 4218 distinguentur?
736 4145 809 4218 atqui
828 4143 963 4219 quomodo
982 4141 1024 4198 soi
1043 4151 1070 4196 et
1088 4139 1149 4196 lune
1168 4151 1196 4198 at

139 4229 223 4283 ceteri
242 4226 352 4283 caelites
371 4229 512 4305 conspicui
530 4226 568 4284 dii
587 4227 668 4284 iuturi
687 4239 757 4296 sunt,
776 4232 801 4284 si
820 4228 858 4284 dii
876 4231 932 4285 sint
949 4229 1119 4304 incorporei?
