2776 4876
215 359 283 425 1,11
1232 371 1266 424 37

213 514 341 602 ραόντι.
377 516 527 596 ἀπαθεῖς
549 523 661 587 τοίνυν
683 525 745 589 elui
767 525 824 589 καὶ
847 528 879 590 ολ
900 525 1056 608 δαίμονες
1076 529 1131 592 καὶ
1155 524 1266 593 πάντα

213 622 257 695 τά
279 627 484 715 συνεπόμενα
506 629 621 709 αὐτοῖς
641 635 707 699 τῶν
727 632 920 719 κρειττόνων
941 639 1054 720 γενῶν.

177 753 193 802 3
303 745 385 820 Πῶς
409 733 470 811 οὖν
496 738 581 827 πρὸς
607 747 772 830 ἐμπαθεῖς
798 743 922 839 αὐτοὺς
947 744 1056 814 πολλά
1084 750 1203 835 δρᾶται
1230 757 1266 819 ὲν
1286 759 1320 818 il

212 863 286 931 ταῖς
299 858 512 941 ίιρουργίαιςς
535 859 622 946 φημὶ
637 853 679 939 δὴ
693 847 754 925 οὖν
767 861 823 923 καὶ
837 861 937 926 τοῦτο
951 855 1093 944 ἀπείρως
1107 864 1267 946 λέγεσθαι

212 970 273 1047 τῆς
293 970 458 1053 ἱερατικῆς
478 970 718 1052 μυσταγωγίας.
752 972 818 1034 τῶν
839 965 903 1054 γάρ
926 976 961 1034 ὲν
983 981 1053 1049 τοῖς
1072 976 1172 1060 λεροῖς
1190 970 1267 1039 tnd-

177 1091 309 1145 totote
331 1081 584 1209 ἐπιτελουμένων
605 1081 648 1145 τά
669 1083 729 1163 μὲν
754 1078 945 1168 ἀπόρρητόν
974 1106 1048 1148 τινα
1075 1087 1132 1149 καὶ
1160 1087 1266 1167 κρείτ·

210 1214 295 1256 τονα
317 1187 417 1271 λόγου
445 1185 507 1270 τὴν
534 1195 646 1256 αίτίαν
674 1195 753 1280 ἔχει
785 1190 922 1258 τάὁ”
901 1219 945 1271 ως
966 1189 1183 1326 ‘'Q''f‘
1146 1197 1265 1263 καθιέ-
1339 1230 1365 1282 μ

210 1327 313 1388 ρωται
334 1301 369 1383 ἐξ
391 1303 500 1368 αὶὸίου
521 1313 591 1379 τοῖς
612 1308 789 1387 κρείττοσι·
822 1300 863 1369 τά
886 1303 917 1370 δ’
937 1311 1048 1371 είκονα
1070 1330 1145 1372 τινα
1134 1301 1265 1386 ἀλλην

175 1411 386 1494 ίάποσόζει,
418 1409 577 1499 καθάπερ
606 1410 648 1494 δὴ
675 1414 776 1480 καῖ’
760 1441 781 1496 η
809 1437 1034 1502 γενεσιουργος
1068 1414 1166 1504 φύσις
1198 1420 1264 1484 τῶν

210 1524 352 1616 ἀφανῶν
373 1522 481 1610 λόγων
502 1531 662 1615 ἐμφανεῖς
682 1524 775 1604 τινάς
795 1524 982 1618 μορφώσας
1010 1524 1263 1595 ἀπετυπιόσατο·

209 1633 252 1703 τά
274 1639 310 1704 ot
332 1639 428 1722 τιμῆς
450 1643 543 1703 ἕνεκα
564 1634 768 1721 προσάγεται
789 1632 811 1719 ἢ
831 1636 1069 1728 ἀφομοιώσεως
1082 1638 1265 1706 ὁποιασοῦν

158 1752 192 1805 ¹²
209 1744 232 1828 ἢ
252 1752 309 1814 καὶ
332 1745 519 1826 οῖιιειιόσεως
542 1746 748 1835 στοχάζεται·
781 1753 851 1816 ἔνια
875 1753 909 1817 δὲ
932 1746 970 1816 τό
992 1750 1074 1834 ἡμῖν
1099 1747 1264 1836 χρήσιμον

210 1856 447 1944 παρασκευάζει
475 1855 497 1941 ἢ
518 1864 677 1946 καθαίρει
703 1885 772 1938 πως
799 1866 855 1928 καὶ
872 1859 1022 1929 ,ἀπολύει
1050 1857 1093 1928 τά
1119 1862 1263 1949 ἡμέτερα

209 1975 275 2037 τῶν
296 1968 488 2060 ἀνθρώπων
509 1967 618 2051 πάθη,
640 1966 662 2052 ἢ
683 1968 766 2040 ἀλλο
790 1999 822 2041 τι
836 1977 902 2040 τῶν
916 1970 1168 2058 συμβαινόντων
1184 1971 1265 2058 ἡμῖν

158 2093 191 2143 1o
209 2085 323 2148 δεινῶν
346 2082 573 2168 ἀποτρέπεται.
618 2082 659 2150 οὐ
679 2080 747 2167 μὴν
769 2088 816 2150 trs
837 2110 873 2169 γε
896 2083 1132 2170 συγχωρήσεων
1148 2080 1191 2151 ἀν
1206 2110 1264 2163 τις,

209 2192 253 2270 ὡς
274 2189 342 2280 ἀρα
364 2189 447 2278 πρὸς
461 2197 625 2278 ἐμπαθεῖς
641 2195 717 2271 τοὺς
732 2200 1020 2281 θεραπευομένους
1035 2194 1138 2274 θεοὺς
1153 2193 1174 2278 ἢ
1189 2199 1263 2262 δαί-

208 2329 315 2388 μονας
335 2311 434 2392 μέρος
456 2330 487 2371 τι
508 2308 568 2387 τῆς
589 2307 757 2389 ἁγιστείας
771 2313 1003 2394 προςφέρεται·
1037 2303 1111 2374 οὔτε
1126 2305 1191 2392 γάρ
1205 2312 1261 2373 πέ-

157 2422 190 2474 18
209 2440 310 2509 φυκεν
333 2419 542 2504 ελσδὲχεσθαί
564 2442 638 2484 τινα
661 2416 727 2483 ἀπό
751 2422 815 2484 τῶν
846 2418 1007 2503 σωμάτων
1028 2414 1218 2504 μεταβολὴν
1239 2417 1261 2500 ἡ

208 2528 292 2594 καθ’
311 2525 416 2611 αὐτὴν
438 2528 544 2607 ἀίδιος
565 2532 621 2596 καὶ
644 2527 820 2615 ἀσώματος
843 2529 949 2599 οὐσία.

279 2695 304 2744 2.
323 2691 488 2762 συνεσόμενον
501 2692 531 2744 B.
586 2696 610 2745 7.
629 2690 756 2760 λόγονΟ.
810 2695 851 2746 10.
871 2695 980 2764 μορφὰς
994 2695 1047 2747 ΑΟ.
1122 2696 1163 2746 11.
1182 2693 1261 2747 όπια-

280 2777 344 2831 σοῦν
362 2779 395 2830 D.
469 2781 511 2832 12.
539 2778 696 2846 σχολάζεται
713 2780 744 2831 Β.
819 2781 859 2832 11.
887 2779 949 2849 ἡμῖν
967 2777 1165 2851 συμβαινόντων
1185 2783 1241 2834 Al).

209 2940 272 2987 sunt
289 2932 370 3006 igitur
388 2941 415 2987 et
432 2933 503 3008 genii
521 2942 549 2988 et
566 2934 653 2988 omnia
672 2934 706 2988 iis
718 2934 746 2988 in
758 2934 901 3008 generibus
913 2934 1098 3010 superioribus
1110 2933 1259 2991 consimilia

209 3019 364 3095 passionum
382 3028 514 3095 expertes.

280 3104 422 3178 Quomodo
440 3106 534 3182 igitur,
557 3108 661 3183 inquis,
684 3117 817 3182 tamqnam
838 3106 995 3184 petibilibus
1018 3106 1100 3162 multa
1123 3109 1151 3161 in
1176 3109 1259 3162 ueris
1279 3109 1313 3169 ll

208 3192 291 3248 liunt?
311 3191 360 3249 secl
378 3201 406 3248 et
423 3190 475 3248 boc
494 3195 537 3249 aio
561 3193 615 3250 dici
638 3214 671 3251 ex
688 3195 821 3271 imperitia
845 3195 914 3249 cirea
938 3213 1040 3249 sacram
1062 3193 1259 3269 mystagogiam.

209 3298 299 3334 eorum
318 3280 389 3335 enirn
406 3299 473 3355 qnae
491 3278 598 3335 assidue
615 3279 684 3336 liunt
701 3282 729 3335 in
747 3281 831 3336 sacris
850 3279 978 3355 quaedam
996 3297 1117 3337 arcanam
1135 3279 1260 3352 omnique

209 3385 332 3421 sermone
349 3368 516 3443 superiorem
533 3385 640 3422 canmm
656 3364 769 3432 babent3
787 3365 916 3442 quaedam
934 3375 1021 3421 antem
1039 3363 1071 3419 ab
1088 3372 1196 3419 aeterno
1207 3382 1260 3417 mo

208 3450 321 3508 lioribns
339 3453 481 3526 generibus
499 3463 654 3510 consecrata
672 3451 891 3529 fueretamqnam
903 3449 1038 3538 symbola3
1057 3448 1128 3504 ε11ε
1119 3450 1260 3525 imaginem
1311 3467 1330 3509 -ν

208 3547 409 3616 repraesentant
426 3537 541 3615 aliquam
559 3539 646 3608 ubam,
665 3541 736 3596 sicut
746 3548 840 3594 natura
852 3514 982 3614 opifex
952 3538 1085 3592 rationum
1096 3532 1258 3591 occultarum

207 3622 361 3682 manifestas
379 3621 477 3680 formas
496 3628 642 3702 expressit3
660 3623 711 3680 alia
729 3623 840 3679 bononis
858 3624 941 3699 gratia
960 3621 1114 3688 afferuntur,
1132 3630 1177 3677 aut
1189 3620 1258 3678 lorte

208 3709 391 3769 similitudinis
412 3709 603 3787 qualiscunque
625 3730 705 3768 causa
728 3719 755 3765 et
779 3709 944 3785 cognationis
967 3707 1157 3775 coniiciuntur;
1180 3728 1258 3786 quae·

208 3800 269 3857 dam
286 3798 366 3854 nobis
385 3795 457 3872 qnod
475 3797 512 3852 sit
528 3794 595 3852 utile
612 3806 768 3873 operantur,
791 3793 836 3850 vel
853 3792 990 3871 purgando
1014 3803 1042 3849 et
1063 3792 1193 3852 solvendo
1210 3793 1258 3851 bu·

208 3907 297 3943 manas
316 3887 345 3940 in
363 3883 441 3939 nobis
459 3883 607 3960 passiones,
631 3880 676 3937 vel
694 3879 794 3956 aliquid
813 3900 846 3937 cx
863 3881 898 3936 iis
915 3878 992 3937 malis
1010 3901 1077 3958 quae
1094 3883 1172 3939 nobis
1190 3883 1258 3939 acci·

208 3973 273 4030 dere
290 3971 379 4029 solent
396 3967 602 4027 averruncando.
651 3967 766 4023 atenim
784 3985 838 4022 non
855 3966 916 4023 ideo
935 3970 1098 4026 concesserit
1116 3968 1256 4046 quispiam,

208 4068 311 4136 partem
329 4057 444 4134 aliquam
465 4074 602 4113 sacrorum
618 4053 708 4110 afferri
730 4052 783 4109 (liis
805 4053 926 4111 colendis
950 4066 996 4111 aut
1017 4057 1101 4133 geniis
1124 4065 1257 4129 nmquam

208 4143 377 4224 petibilibus:
395 4143 512 4199 essentia
530 4143 601 4198 enim
618 4159 668 4220 per
685 4160 715 4196 ss
732 4149 838 4197 aeterna
856 4151 884 4196 et
900 4142 1057 4221 incorporea
1074 4162 1130 4199 non
1141 4150 1184 4197 est
1195 4148 1257 4218 apta

211 4241 274 4289 nata
290 4240 321 4289 ut
337 4229 438 4308 aliquid
455 4231 569 4309 accipiat
585 4229 741 4287 mutationis
757 4249 772 4285 a
790 4227 956 4308 corporibus.
