2776 4876
116 361 143 424 4,
155 363 188 415 1⁰
1127 369 1181 426 loa

117 522 153 581 εν
181 524 252 591 τοῖς
281 520 451 603 μετέχουσι
479 521 544 584 τῶν
573 515 657 582 καθ’
685 525 808 585 ἕκαστα
837 524 978 604 γίνεται·
1016 523 1051 589 ἐν
1080 523 1179 593 είδτσι

117 630 152 694 δὲ
181 625 409 715 προεστηκότα
437 632 493 696 καὶ
522 625 634 714 λόγοις
667 633 836 718 καθαροῖς
864 638 899 700 ὲν
928 637 967 725 τῇ
997 638 1062 701 τῶν
1090 634 1177 704 ὅλων

81 737 213 831 εφόσει
252 738 503 824 μεταλαμβάνει
536 734 631 817 τινός
659 740 773 823 ὑλικῆς
805 746 931 823 ἐνδείας
969 751 1026 813 καὶ
1068 746 1175 833 ἀμορ·

116 855 198 940 φίας
221 853 274 917 ἐστὶ
295 855 362 918 τῶν
383 847 469 917 κατὰ
491 856 599 940 μέρος.
644 859 858 938 συνηνωμίνα
880 858 915 923 δὲ
937 855 1021 946 τυρός
1047 855 1176 939 ἄλληλα

116 966 170 1029 λιτὶ
192 965 260 1028 τῶν
280 958 375 1042 όλων,
405 965 546 1029 ἐπὶτῶν
571 965 680 1051 μερῶν
709 963 945 1048 διαστασιάζει.
988 972 1043 1035 καὶ
1073 967 1176 1048 οὕτως

81 1077 170 1145 niani
191 1070 327 1141 πόντων
349 1073 519 1152 ἐξίσταται
545 1076 612 1140 τῶν
633 1076 744 1142 καλῶν
765 1080 821 1143 καὶ
848 1082 978 1147 τελείων
1007 1086 1064 1148 καὶ
1087 1078 1174 1148 ὅλων

116 1182 158 1251 τὰ
181 1185 263 1269 μεθ’
281 1181 363 1266 ὕλης
391 1184 500 1252 αὐτῶν
528 1184 824 1273 μεταλαμχοίνουτα
852 1189 1000 1277 μεριστά.
1046 1196 1117 1259 ίνια
1140 1197 1175 1261 δὲ

116 1300 171 1363 καὶ
192 1301 373 1387 φθείρεται
394 1301 459 1362 τῶν
481 1300 591 1383 μεροῖν
603 1296 687 1387 ὑπὲρ
700 1301 761 1365 τοῦ
775 1295 818 1365 τό
833 1297 897 1366 ὅλα
911 1298 955 1368 τό
970 1301 1057 1370 κατοί
1072 1304 1175 1397 φύσιν

81 1424 98 1474 t
116 1406 341 1489 συνεστηκότα
364 1404 604 1487 διασώζεσθαι·
621 1412 684 1476 καὶ
707 1413 866 1494 θλίβεται
888 1415 923 1480 δὲ
945 1419 1000 1481 καὶ
1022 1419 1176 1503 βαρεῖται

65 1546 72 1571 2
116 1523 218 1586 ενίυτε
241 1517 283 1585 τὰ
305 1526 398 1607 μέρη,
420 1525 529 1587 καίτοι
550 1524 615 1585 τῶν
638 1517 725 1587 ὅλων
747 1520 790 1599 ὡς
805 1529 980 1614 φυομένων
995 1525 1053 1592 ἀντ’
1073 1527 1175 1609 αὐτῆς

116 1634 175 1711 τῆς
195 1628 351 1713 τοιαύτης
374 1628 538 1719 ὀχλήσεως
560 1628 708 1699 ἀπαθῶν
731 1631 962 1718 διαμενόντων.

63 1760 97 1813 12
204 1739 498 1828 Συλλογισόμεθα
514 1737 555 1824 δὴ
571 1733 631 1810 οὖν
645 1738 687 1809 τὰ
703 1740 770 1809 ἀπὸ
785 1741 912 1811 τούτων
927 1749 1173 1832 συμβαίνοντα·
1193 1754 1232 1814 10

117 1859 143 1920 εί
157 1848 222 1942 γὰρ
237 1866 392 1944 φυσικαῖς
407 1852 585 1940 δυνάμεσιν
601 1849 622 1935 ἢ
636 1868 839 1939 σωματικαῖς
852 1861 912 1924 τοῦ
925 1856 1051 1937 ααντδς
1071 1864 1173 1946 χρῶν·

115 1967 171 2029 ταί
192 1988 278 2042 τινες
299 1969 365 2032 τῶν
386 1962 584 2045 καλούντων,
607 1964 628 2046 ἡ
650 1969 711 2049 μὲν
740 1965 833 2045 δόσις
855 1972 980 2050 γίνεται
1002 1975 1062 2051 τῆς
1084 1978 1173 2056 ἐνερ-

63 2093 96 2142 15
114 2079 205 2160 γείας
227 2075 446 2164 ἀαροαίρετσς
469 2081 525 2143 καὶ
548 2072 626 2143 όνευ
653 2081 785 2156 κακίας·
819 2078 838 2144 ό
867 2085 980 2164 μέντοι
1006 2079 1174 2168 χρώμενος

116 2185 199 2278 αὐτῇ
221 2192 440 2277 μεταστρέφει
462 2183 524 2268 τὴν
546 2182 641 2253 δόσιν
663 2192 715 2254 ἐστὶ
739 2188 903 2256 τάναντία
917 2195 974 2258 καὶ
990 2189 1032 2257 τοὶ
1047 2196 1172 2281 φαῦλα.

114 2302 169 2366 καὶ
194 2297 215 2379 ἡ
236 2302 298 2384 μδν
320 2300 508 2382 συμπαθῶς
523 2296 567 2363 δι’
584 2295 767 2382 ὁμοιότητα
783 2313 853 2378 τοῖς
867 2299 1017 2368 πάθεσιν
1032 2302 1173 2370 ὑπεναν-

63 2427 95 2478 18
114 2415 189 2489 τίως
212 2420 416 2496 συγκινεῖται.
447 2407 465 2472 ὁ
489 2411 523 2474 δὲ
546 2404 610 2488 ἤδη
633 2405 720 2474 κατὰ
747 2416 940 2497 προαίρεσιν
970 2416 1052 2479 ίλκει
1079 2420 1172 2500 τιαροὶ

184 2599 210 2650 5.
238 2592 438 2662 διαστασιάζεε]
457 2593 562 2657 aicCD,
590 2593 726 2658 διαστόζει
746 2599 777 2656 Α,
806 2596 925 2660 διστάζει
943 2598 977 2651 0.
1069 2603 1094 2652 ’1.
1123 2595 1173 2652 αὖ·

185 2684 221 2750 τῷ
240 2682 273 2735 0.
368 2682 393 2734 8.
422 2679 481 2747 καί]
500 2679 534 2732 εἰσ
555 2679 634 2744 ACD,
660 2699 713 2734 om.
732 2681 765 2735 0.
786 2675 799 2750 ΙΙ
821 2678 872 2736 ὅλα
889 2680 941 2749 τὰ]
960 2681 993 2736 aie
1013 2683 1084 2737 acl)
1104 2686 1174 2752 Κεφ,

184 2767 233 2821 ὅλα
252 2768 285 2821 0.
358 2769 400 2820 10.
427 2762 493 2820 ὅλων
512 2762 562 2831 ὦς]
581 2765 616 2817 aie
635 2765 715 2828 nel),
744 2763 809 2819 ὅλων
828 2768 861 2821 0.
935 2772 975 2822 11.
1006 2769 1052 2838 τῇς
1070 2792 1120 2824 om.
1141 2775 1171 2823 A.

186 2857 227 2907 12.
255 2849 304 2921 δὴ]
323 2852 358 2904 aie
377 2853 435 2915 AD,
462 2872 511 2904 om.
532 2852 566 2905 0.
674 2854 715 2904 17.
744 2868 801 2922 post
820 2851 967 2924 ὁμοιότητα
986 2856 1058 2910 ACD
1077 2859 1172 2911 addunt

184 2942 230 2994 ami
248 2935 284 2993 δι’
299 2936 453 3008 ὁμοιότατα.
546 2941 587 2993 17.
599 2941 639 2992 18.
659 2937 821 2992 ὑπεναντίαν
841 2942 894 2992 Ac.

114 3127 142 3173 et
158 3118 234 3194 paria
252 3116 401 3172 rationibus
420 3112 586 3193 praecellant
608 3114 636 3168 in
655 3116 738 3170 totino
756 3125 862 3182 natura,
886 3113 1047 3172 contrahunt
1070 3115 1172 3194 aiiqnid

113 3205 268 3260 materiatae
284 3201 445 3279 indigentiae
463 3211 491 3256 et
508 3198 616 3255 tandem
634 3200 662 3254 in
680 3201 802 3277 partibas
821 3201 922 3277 aliquid
936 3200 1126 3270 deformitatiaa
1145 3213 1173 3260 ot
1271 3264 1277 3274 ,

113 3309 182 3365 qnae
199 3290 228 3344 in
245 3291 312 3344 totis
330 3299 394 3346 aunt
411 3289 500 3352 nnita,
524 3287 552 3341 in
571 3284 692 3361 partibas
714 3285 855 3345 dissident.
901 3296 980 3362 atquc
1002 3290 1040 3342 ita
1058 3289 1173 3365 partica·

112 3374 177 3431 laria
196 3395 264 3452 qnae
282 3396 342 3432 cnm
361 3371 560 3433 conditionibus
578 3372 705 3427 materiae
722 3382 779 3429 tota
797 3375 971 3452 participant,
995 3375 1024 3429 in
1048 3373 1173 3428 omnibns

113 3460 275 3536 degenerant
293 3482 307 3516 a
325 3459 448 3539 pulchris
461 3479 476 3513 a
488 3455 616 3534 perfectis
627 3478 643 3512 a
654 3459 735 3515 totis:
753 3469 960 3536 corrumpuntur
972 3461 1082 3535 insuper
1093 3476 1172 3533 qnae·

112 3545 173 3601 dam
191 3556 291 3623 pantes,
309 3556 341 3601 nt
357 3555 414 3602 tota
433 3541 581 3604 madum
592 3554 714 3601 naturam
725 3549 871 3603 constituta
883 3554 1035 3602 serventur.
1080 3553 1171 3622 partae

112 3640 289 3688 conteruntur
306 3641 334 3687 et
351 3639 508 3708 promuntur
524 3628 683 3707 aliqnando,
707 3635 774 3689 totis
792 3634 893 3687 interea
913 3651 946 3688 ex
963 3628 1013 3686 hac
1032 3633 1091 3709 ipsa
1110 3649 1171 3688 con·

112 3717 266 3773 turbatione
284 3719 362 3784 natio,
381 3717 516 3795 passionis
535 3717 697 3794 expertibus.

184 3800 352 3878 Colligamna
368 3802 477 3859 tandem
496 3821 563 3878 qnae
580 3823 615 3859 ax
632 3805 731 3881 positia
748 3812 903 3878 sequuntur.
948 3801 1113 3858 naturalibus
1125 3812 1171 3858 ant
1191 3803 1228 3862 1⁰

113 3890 252 3966 corporeis
270 3890 388 3944 universi
408 3888 537 3965 potentiis
556 3891 662 3964 quotics
681 3898 793 3945 utuntur
815 3890 983 3956 invocantes,
1009 3887 1043 3944 ad
1061 3908 1109 3944 coa
1127 3887 1171 3943 do·

113 3975 218 4031 scendit
237 3973 403 4031 efficacitatis
423 3975 627 4030 communicatio
644 3972 728 4029 libera
748 3973 855 4050 quidem
868 3985 895 4030 et
906 3974 941 4031 ad
952 3973 1171 4031 malefaciendum

113 4060 331 4128 indeterminata3
350 4071 378 4116 et
396 4061 440 4137 qui
459 4061 543 4116 utitur
560 4081 590 4116 ca
609 4063 850 4117 communicatione
862 4061 885 4116 ia
898 4071 940 4117 eat
952 4062 998 4137 qni
1010 4080 1041 4116 ca
1052 4059 1171 4115 abutitur

113 4147 147 4202 ad
165 4148 313 4204 contrarias
332 4145 384 4202 hoc
403 4156 446 4203 cat
462 4145 545 4204 malas
564 4157 643 4204 artes.
687 4150 746 4224 ipsa
759 4147 866 4224 qnidam
878 4146 1084 4203 communicatio
1100 4162 1171 4219 aym·

112 4231 246 4309 pathetice
265 4242 292 4288 ct
310 4243 422 4311 propter
440 4233 643 4290 similitudinem
661 4243 765 4307 tantum
781 4254 831 4290 nna
850 4243 973 4289 movetur
991 4249 1051 4287 cnm
1069 4231 1170 4307 passio·

972 4341 1004 4392 1³
