2776 4876
205 343 277 408 3‚1a
1213 345 1266 400 me

205 493 279 564 οὔτε
302 500 459 584 μεριστοῦ
480 495 632 582 σώματος
661 495 879 585 ἀνθρωπίνου
902 493 974 565 οὔτε
997 503 1105 588 ψυχῆς
1127 524 1263 587 κατεχο-

204 614 305 694 μένης
326 613 363 674 λν
384 612 433 676 ἑνὶ
456 609 533 676 είδει
547 584 709 697 μεριστῶν
724 611 950 698 περιείληπται
963 611 1158 698 μεριοτῶςὴ
1178 637 1263 698 μαν-

171 715 276 799 arturi
299 722 366 787 τῶν
387 723 480 786 θεῶν
502 717 648 806 δύναμις,
667 716 811 810 χωριστὴ
835 724 870 788 δὲ
893 713 978 789 οὖσα
1001 724 1059 788 καὶ
1074 719 1262 810 ἀδιαίρετος

205 827 267 912 ὅλη
289 832 462 917 πανταχοῦ
485 827 623 921 πάρεστι
645 841 716 910 τοῖς
736 829 1004 918 μεταλαμβάνειν
1033 831 1136 913 αὐτῆς
1162 835 1264 902 δυνα-

160 972 163 975 ’
197 946 328 1027 μένοις,
350 941 476 1022 ἔξωθέν
498 966 533 1009 τε
555 939 730 1030 ἐπιλάμπει
751 945 808 1010 καὶ
829 946 951 1031 πληροῖ
972 940 1091 1024 πάντα,
1113 942 1156 1010 δι’
1177 941 1265 1012 ὅλων

172 1072 188 1123 ε
205 1077 240 1119 τε
262 1055 329 1119 τῶν
350 1057 519 1140 στοιχείων
541 1055 785 1146 διαπεφοίτηκε,
809 1056 873 1140 γῆν
896 1059 1006 1122 τεκαὶ
1028 1054 1113 1145 άίρα
1127 1059 1183 1125 καὶ
1197 1057 1264 1144 πῦρ

206 1166 263 1230 καὶ
283 1159 371 1253 ὕδωρ
393 1167 599 1257 κατείληφεν,
621 1164 717 1232 οὐδέν
738 1189 774 1231 τε
796 1160 939 1253 άμοιρον
961 1170 1080 1248 ἑαυτῆς
1103 1161 1177 1234 οὔτε
1199 1170 1266 1235 τῶν

207 1271 296 1356 ζώων
318 1269 393 1341 οὔτε
414 1277 481 1341 τῶν
502 1269 570 1342 άπό
586 1272 716 1367 φύσεως
730 1278 961 1363 διοικουμένων
976 1275 1154 1359 ἀπολείπει,
1177 1273 1265 1345 άλλίι

173 1394 277 1463 ετοῖς
297 1388 358 1472 μὲν
379 1388 509 1472 μᾶλλον
535 1395 607 1467 τοῖς
634 1389 670 1454 δὲ
691 1379 792 1468 ἦττον
820 1385 882 1479 ἀφ’
900 1391 1020 1468 ἑαυτῆς
1047 1389 1163 1456 δίδωσί
1189 1412 1266 1455 τινα

206 1505 330 1582 μοῖραν
350 1494 579 1586 προγνώσεως·
602 1492 686 1578 αὐτη
708 1501 821 1583 μέντοι
834 1495 899 1586 πρὸ
914 1500 979 1566 τῶν
993 1495 1080 1566 ὅλων
1094 1495 1266 1587 προϋπάρ-

205 1628 314 1693 χουσα
335 1606 427 1692 αὐτῷ
449 1611 495 1692 τῷ
514 1613 664 1698 χωριστῷ
685 1612 806 1688 εαυτῆς
827 1604 924 1688 ἱκανὴ
952 1615 1085 1696 γέγονεν
1114 1606 1265 1690 άποπλη-

157 1739 192 1790 12
209 1719 314 1807 ρῶσαι
334 1715 456 1798 πάντα,
479 1716 563 1785 καθ’
584 1716 666 1786 ὅσον
682 1725 804 1786 ἕκαστα
819 1715 957 1786 δύναται
972 1717 1076 1799 αὐτῆς
1088 1725 1243 1807 μετέχειν.

290 1824 428 1916 Ἴδωμιν
450 1833 562 1898 τοίνυν
582 1829 621 1897 τὸ
644 1812 802 1898 ἐντεῦθεν
823 1825 907 1897 άλλο
930 1828 1015 1908 εἶδος
1030 1825 1193 1898 ἰδιωτικὸν
1208 1833 1265 1897 καὶ
1284 1836 1323 1898 13

209 1938 249 2006 οὐ
270 1938 433 2026 δημόσιον
453 1946 619 2026 μαντείας,
640 1943 715 2028 περὶ
737 1931 778 2007 οὗ
799 1943 902 2026 λέχεος
929 1942 1050 2008 ταῦτα·
1085 1946 1118 2008 οί
1147 1942 1183 2008 di
1212 1945 1266 2011 ἐπὶ

158 2065 192 2116 15
204 2048 424 2139 χαρακτήρων
446 2049 582 2130 στάντες
610 2050 653 2129 ὡς
675 2056 707 2118 οῖ
728 2048 951 2139 πληρούμενοι
971 2047 1039 2118 άπὸ
1069 2055 1265 2140 ελσκρίσεων.

207 2163 308 2228 τοῦτο
329 2164 441 2229 τοίνυν
463 2156 519 2228 διά
540 2157 618 2239 τοὺς
639 2163 744 2240 κακῶς
766 2160 856 2245 αὐτῷ
876 2166 1062 2251 χρωμένους
1084 2161 1124 2229 οὐ
1145 2159 1266 2251 ῥηίδιον

209 2273 259 2338 ot
280 2267 368 2357 λόγῳ
389 2274 589 2361 περιλαβεῖν.
634 2265 721 2338 άλλά
741 2269 781 2338 τὸ
802 2275 863 2358 μὲν
884 2269 1060 2359 πρόχειρον
1081 2277 1139 2340 καὶ
1159 2274 1266 2352 κακῶς

158 2395 192 2447 18
209 2380 407 2463 ἐπιπολάζον
429 2388 464 2450 ἐν
486 2391 558 2461 τοῖς
578 2384 714 2458 πολλοῖς
728 2378 922 2470 ἀνθρώποις
942 2384 1146 2471 ψευδολογία
1160 2408 1195 2450 τε
1209 2385 1266 2451 καί

280 2657 306 2707 2.
333 2657 491 2726 περίληπται
509 2656 543 2708 D.
646 2658 670 2707 7.
698 2675 727 2708 τι
746 2675 796 2710 om.
816 2656 849 2709 Ο.
959 2656 1003 2708 11.
1033 2650 1122 2724 αὐτῷ]
1141 2652 1212 2710 οὕτω
1230 2656 1265 2708 D.

282 2741 323 2792 14.
351 2735 399 2806 οὗ]
418 2731 449 2793 οὗ
469 2740 503 2792 Ο.
593 2743 636 2794 15.
663 2738 705 2806 οί]
724 2735 757 2794 οὗ
775 2740 805 2794 C.
896 2743 938 2793 17.
964 2739 1017 2808 ert]
1036 2745 1061 2794 iv
1079 2743 1116 2796 tot
1136 2743 1193 2795 AD.

208 2995 300 3053 biliter
316 3016 448 3074 nusquam
466 3000 625 3068 continetur,
644 3018 693 3056 nec
712 3021 726 3055 a
745 2995 806 3054 loco
825 3018 874 3054 nec
887 3019 902 3053 a
915 3018 1029 3076 corpore
1041 3001 1137 3076 quovis
1149 2997 1264 3055 hnmano

208 3081 363 3160 particulari
380 3102 469 3160 neque
486 3084 520 3140 ab
532 3088 618 3142 anima
631 3095 720 3142 certae
731 3084 811 3142 alicui
822 3082 1024 3162 particularium
1036 3086 1137 3161 speciei
1149 3083 1264 3152 addicta,

209 3169 257 3225 sed
275 3178 396 3246 separata
414 3169 447 3226 ab
465 3171 589 3228 omnibus
607 3174 725 3228 existens
743 3179 771 3227 et
787 3168 961 3228 indivisibilis
979 3179 1035 3224 tota
1048 3168 1128 3225 simul
1140 3169 1265 3226 omnibus

209 3253 286 3310 adest
297 3274 364 3330 quae
377 3274 435 3311 eum
447 3277 543 3335 capere
553 3267 677 3334 possunt,
696 3255 833 3312 illustrans
845 3254 994 3313 forinsecus
1007 3264 1035 3310 et
1046 3257 1135 3311 omnia
1146 3255 1264 3333 replens,

208 3360 311 3417 perque
332 3343 420 3398 omnia
444 3341 574 3399 elementa
598 3343 767 3411 discurrens,
793 3351 944 3417 terramque
966 3351 994 3396 et
1014 3345 1104 3397 adrem
1126 3342 1215 3416 ignem
1238 3350 1266 3396 et

209 3446 303 3502 aquam
321 3427 516 3504 complectens3
534 3449 585 3486 nec
602 3431 731 3507 praeterit
749 3426 846 3484 animal
864 3426 974 3504 aliquod
989 3424 1034 3483 vel
1046 3435 1167 3483 naturam
1178 3427 1220 3481 cni
1234 3443 1265 3480 se

208 3530 262 3567 non
280 3513 425 3588 impertiat,
445 3515 510 3589 quin
526 3513 570 3570 luis
588 3517 672 3592 magis
689 3513 745 3571 illis
763 3516 851 3570 minus
863 3513 910 3570 det
922 3511 955 3568 de
972 3509 1217 3589 praecognoscendi
1229 3507 1265 3565 fa·

208 3596 322 3654 cultate:
347 3598 406 3672 ipsa
424 3597 557 3673 siqnidem
575 3609 636 3655 ante
654 3602 741 3656 omnia
758 3600 943 3676 praeexistens
960 3599 989 3652 vi
1007 3617 1056 3654 sua
1074 3598 1207 3654 abstracta
1224 3615 1265 3652 re·

206 3682 265 3758 plet
283 3682 379 3746 omnin,
399 3690 529 3756 quatenus
547 3682 651 3759 singula
670 3704 728 3740 cam
745 3693 861 3761 possunt
877 3683 1027 3759 percipere.

278 3763 425 3822 Videamus
442 3787 524 3843 porro
542 3766 622 3824 uliam
639 3769 837 3825 vaticinationis
855 3785 911 3823 non
922 3764 1060 3841 publicam
1070 3766 1122 3823 sed
1131 3768 1264 3843 privatam
1284 3762 1320 3821 13

208 3853 332 3929 speciem,
351 3851 385 3908 de
404 3872 455 3928 qua
473 3862 503 3907 tu
520 3853 630 3928 quidem
645 3855 731 3909 istaec
747 3852 840 3909 dixisti
858 3848 1000 3919 „nonnulli
1012 3851 1193 3908 enthusiastue
1206 3872 1264 3908 eva·

208 3936 274 3994 dunt
292 3939 467 3994 consistendo
485 3934 568 4015 supei
590 3935 769 3994 characteres:
793 3935 867 4011 quod
888 3935 995 3993 videtur
1017 3937 1046 3992 in
1067 3938 1103 3994 iis
1121 3939 1168 4014 qni
1186 3937 1266 4013 spiri·

208 4031 282 4079 tuum
299 4023 523 4081 insinuationibus
541 4020 705 4100 replentur.“
753 4020 803 4076 sed
820 4040 870 4078 nec
887 4020 965 4078 iacile
983 4032 1025 4078 est
1036 4022 1086 4079 sub
1098 4042 1150 4078 uua
1162 4022 1264 4075 ratione

207 4109 324 4184 speeiem
343 4109 411 4165 hanc
429 4111 618 4186 perstringere,
637 4106 711 4183 quod
727 4104 805 4163 multi
822 4109 878 4164 siut
889 4109 938 4185 qui
952 4128 983 4164 ea
994 4125 1134 4186 perperam
1145 4113 1263 4163 utuntur.

207 4193 285 4250 obvia
303 4194 411 4270 quidem
430 4204 472 4250 est
490 4192 556 4252 haec
573 4193 737 4252 vaticinandi
753 4195 797 4250 ria
814 4204 842 4251 et
859 4192 1037 4273 superficialis
1055 4189 1136 4255 male,
1162 4196 1189 4244 et
1207 4187 1264 4266 plu·
