<?xml version="1.0" encoding="UTF-8"?>
<!DOCTYPE html PUBLIC "-//W3C//DTD XHTML 1.0 Transitional//EN"
    "http://www.w3.org/TR/xhtml1/DTD/xhtml1-transitional.dtd">
<html xmlns="http://www.w3.org/1999/xhtml" xml:lang="en" lang="en">
 <head>
  <title>
</title>
<meta http-equiv="Content-Type" content="text/html;charset=utf-8" />
  <meta name='ocr-system' content='tesseract 3.04.00' />
  <meta name='ocr-capabilities' content='ocr_page ocr_carea ocr_par ocr_line ocrx_word'/>
</head>
<body>
  <div class='ocr_page' id='page_1' title='image "./jamblichidemyst00jambgoog_0035.png"; bbox 0 0 2776 4876; ppageno 0'>
   <div class='ocr_carea' id='block_1_1' title="bbox 200 338 869 419">
    <p class='ocr_par' dir='ltr' id='par_1_1' title="bbox 200 338 869 419">
     <span class='ocr_line' id='line_1_1' title="bbox 200 338 869 419; baseline 0.003 -25"><span class='ocrx_word' id='word_1_1' title='bbox 200 353 291 396; x_wconf 77' lang='lat' dir='ltr'><strong>mli</strong></span> <span class='ocrx_word' id='word_1_2' title='bbox 583 338 728 419; x_wconf 74' lang='lat' dir='ltr'><strong>Porphyrii</strong></span> <span class='ocrx_word' id='word_1_3' title='bbox 746 340 869 418; x_wconf 83' lang='lat' dir='ltr'><strong>epistola.</strong></span> 
     </span>
    </p>
   </div>
   <div class='ocr_carea' id='block_1_2' title="bbox 138 496 1303 2487">
    <p class='ocr_par' dir='ltr' id='par_1_2' title="bbox 288 496 1255 589">
     <span class='ocr_line' id='line_1_2' title="bbox 288 496 1255 589; baseline 0.006 -26"><span class='ocrx_word' id='word_1_4' title='bbox 288 500 370 575; x_wconf 85' lang='grc' dir='ltr'><strong>Πῶς</strong></span> <span class='ocrx_word' id='word_1_5' title='bbox 392 496 501 566; x_wconf 81' lang='grc' dir='ltr'><em>αὐτῶν</em></span> <span class='ocrx_word' id='word_1_6' title='bbox 523 504 558 589; x_wconf 68' lang='grc' dir='ltr'><strong>σί</strong></span> <span class='ocrx_word' id='word_1_7' title='bbox 577 505 638 585; x_wconf 83' lang='grc' dir='ltr'><strong>μίν</strong></span> <span class='ocrx_word' id='word_1_8' title='bbox 666 506 747 567; x_wconf 82' lang='grc' dir='ltr'><em>είσιν</em></span> <span class='ocrx_word' id='word_1_9' title='bbox 777 500 1002 586; x_wconf 81' lang='grc' dir='ltr'><em>ἀγαθοποιοί,</em></span> <span class='ocrx_word' id='word_1_10' title='bbox 1031 506 1063 567; x_wconf 86' lang='lat' dir='ltr'><strong>oi</strong></span> <span class='ocrx_word' id='word_1_11' title='bbox 1092 503 1126 567; x_wconf 77' lang='grc' dir='ltr'><strong>δὲ</strong></span> <span class='ocrx_word' id='word_1_12' title='bbox 1154 525 1255 569; x_wconf 80' lang='grc' dir='ltr'><em>κανο-</em></span> 
     </span>
    </p>

    <p class='ocr_par' dir='ltr' id='par_1_3' title="bbox 199 615 307 693">
     <span class='ocr_line' id='line_1_3' title="bbox 199 615 307 693; baseline 0 -18"><span class='ocrx_word' id='word_1_13' title='bbox 199 615 290 677; x_wconf 85' lang='grc' dir='ltr'><em>ποιοί</em></span> <span class='ocrx_word' id='word_1_14' title='bbox 297 639 307 693; x_wconf 74' lang='lat'><em>3</em></span> 
     </span>
    </p>

    <p class='ocr_par' dir='ltr' id='par_1_4' title="bbox 162 716 1288 928">
     <span class='ocr_line' id='line_1_4' title="bbox 162 716 1288 815; baseline 0.007 -30"><span class='ocrx_word' id='word_1_15' title='bbox 162 731 182 791; x_wconf 83' lang='grc'><strong>7</strong></span> <span class='ocrx_word' id='word_1_16' title='bbox 293 724 334 786; x_wconf 91' lang='grc' dir='ltr'><strong>Τί</strong></span> <span class='ocrx_word' id='word_1_17' title='bbox 363 716 400 787; x_wconf 81' lang='grc' dir='ltr'><strong>τὰ</strong></span> <span class='ocrx_word' id='word_1_18' title='bbox 429 719 598 790; x_wconf 76' lang='grc' dir='ltr'><em>σύναπτόν</em></span> <span class='ocrx_word' id='word_1_19' title='bbox 625 732 694 791; x_wconf 76' lang='grc' dir='ltr'><em>ἐστι</em></span> <span class='ocrx_word' id='word_1_20' title='bbox 722 725 807 815; x_wconf 78' lang='grc' dir='ltr'><em>πρὸς</em></span> <span class='ocrx_word' id='word_1_21' title='bbox 841 733 911 801; x_wconf 83' lang='grc' dir='ltr'><strong><em>τοῖς</em></strong></span> <span class='ocrx_word' id='word_1_22' title='bbox 939 721 1130 812; x_wconf 79' lang='grc' dir='ltr'><strong><em>ἀσωμάτοις</em></strong></span> <span class='ocrx_word' id='word_1_23' title='bbox 1158 728 1288 803; x_wconf 62' lang='lat' dir='ltr'><strong>nicom</strong></span> 
     </span>
     <span class='ocr_line' id='line_1_5' title="bbox 200 827 851 928; baseline 0.011 -27"><span class='ocrx_word' id='word_1_24' title='bbox 200 827 276 912; x_wconf 70' lang='grc' dir='ltr'><strong>τούς</strong></span> <span class='ocrx_word' id='word_1_25' title='bbox 298 836 433 922; x_wconf 73' lang='grc' dir='ltr'><em>ἔχοντας</em></span> <span class='ocrx_word' id='word_1_26' title='bbox 456 838 552 920; x_wconf 84' lang='grc' dir='ltr'><em>σῶμα</em></span> <span class='ocrx_word' id='word_1_27' title='bbox 574 842 610 902; x_wconf 82' lang='grc' dir='ltr'><strong>ὲν</strong></span> <span class='ocrx_word' id='word_1_28' title='bbox 632 841 679 922; x_wconf 75' lang='grc' dir='ltr'><strong>τῷ</strong></span> <span class='ocrx_word' id='word_1_29' title='bbox 702 838 851 928; x_wconf 73' lang='grc' dir='ltr'><em>οάρανῷς</em></span> 
     </span>
    </p>

    <p class='ocr_par' dir='ltr' id='par_1_5' title="bbox 159 941 1287 1261">
     <span class='ocr_line' id='line_1_6' title="bbox 159 941 1253 1033; baseline 0.002 -23"><span class='ocrx_word' id='word_1_30' title='bbox 159 941 179 1003; x_wconf 82' lang='grc'>8</span> <span class='ocrx_word' id='word_1_31' title='bbox 293 948 333 1011; x_wconf 90' lang='grc' dir='ltr'><strong>Τι’</strong></span> <span class='ocrx_word' id='word_1_32' title='bbox 355 942 394 1011; x_wconf 85' lang='grc' dir='ltr'><strong>τὸ</strong></span> <span class='ocrx_word' id='word_1_33' title='bbox 418 943 587 1032; x_wconf 82' lang='grc' dir='ltr'><em>ὃιακρῖνόν</em></span> <span class='ocrx_word' id='word_1_34' title='bbox 609 955 678 1016; x_wconf 74' lang='grc' dir='ltr'><em>ἐστι</em></span> <span class='ocrx_word' id='word_1_35' title='bbox 700 946 776 1029; x_wconf 85' lang='grc' dir='ltr'><em>τοὺς</em></span> <span class='ocrx_word' id='word_1_36' title='bbox 799 952 963 1033; x_wconf 82' lang='grc' dir='ltr'><em>δαίμονας</em></span> <span class='ocrx_word' id='word_1_37' title='bbox 980 944 1048 1013; x_wconf 81' lang='grc' dir='ltr'><strong>ἀπό</strong></span> <span class='ocrx_word' id='word_1_38' title='bbox 1063 972 1097 1014; x_wconf 79' lang='grc' dir='ltr'><strong>τε</strong></span> <span class='ocrx_word' id='word_1_39' title='bbox 1112 949 1178 1013; x_wconf 83' lang='grc' dir='ltr'><strong>τῶν</strong></span> <span class='ocrx_word' id='word_1_40' title='bbox 1194 952 1253 1032; x_wconf 78' lang='grc' dir='ltr'><strong>ίμ-</strong></span> 
     </span>
     <span class='ocr_line' id='line_1_7' title="bbox 198 1056 1287 1149; baseline 0.006 -26"><span class='ocrx_word' id='word_1_41' title='bbox 198 1063 315 1149; x_wconf 84' lang='grc' dir='ltr'><strong><em>φανῶν</em></strong></span> <span class='ocrx_word' id='word_1_42' title='bbox 337 1061 393 1124; x_wconf 84' lang='grc' dir='ltr'><strong>καὶ</strong></span> <span class='ocrx_word' id='word_1_43' title='bbox 415 1060 480 1124; x_wconf 81' lang='grc' dir='ltr'><strong>τῶν</strong></span> <span class='ocrx_word' id='word_1_44' title='bbox 503 1056 645 1147; x_wconf 82' lang='grc' dir='ltr'><em>ἀφανῶν</em></span> <span class='ocrx_word' id='word_1_45' title='bbox 659 1063 760 1142; x_wconf 73' lang='grc' dir='ltr'><em>θεῶν,</em></span> <span class='ocrx_word' id='word_1_46' title='bbox 784 1065 999 1147; x_wconf 78' lang='grc' dir='ltr'><em>συνημμένων</em></span> <span class='ocrx_word' id='word_1_47' title='bbox 1012 1062 1078 1126; x_wconf 82' lang='grc' dir='ltr'><strong>τῶν</strong></span> <span class='ocrx_word' id='word_1_48' title='bbox 1092 1060 1252 1149; x_wconf 78' lang='grc' dir='ltr'><em>ἐμφανῶν</em></span> <span class='ocrx_word' id='word_1_49' title='bbox 1271 1079 1287 1129; x_wconf 77' lang='lat'>6</span> 
     </span>
     <span class='ocr_line' id='line_1_8' title="bbox 196 1167 583 1261; baseline 0 -25"><span class='ocrx_word' id='word_1_50' title='bbox 196 1172 289 1236; x_wconf 77' lang='grc' dir='ltr'><em>θεῶν</em></span> <span class='ocrx_word' id='word_1_51' title='bbox 310 1180 380 1246; x_wconf 84' lang='grc' dir='ltr'><strong><em>τοῖς</em></strong></span> <span class='ocrx_word' id='word_1_52' title='bbox 402 1167 583 1261; x_wconf 73' lang='grc' dir='ltr'><em>ἀφανέσινς</em></span> 
     </span>
    </p>

    <p class='ocr_par' dir='ltr' id='par_1_6' title="bbox 159 1276 1285 1484">
     <span class='ocr_line' id='line_1_9' title="bbox 159 1276 1252 1373; baseline 0.004 -29"><span class='ocrx_word' id='word_1_53' title='bbox 159 1285 179 1344; x_wconf 93' lang='grc'>9</span> <span class='ocrx_word' id='word_1_54' title='bbox 285 1283 420 1366; x_wconf 84' lang='grc' dir='ltr'><em>Δαίμων</em></span> <span class='ocrx_word' id='word_1_55' title='bbox 441 1276 549 1369; x_wconf 81' lang='grc' dir='ltr'><em>ἥρωος</em></span> <span class='ocrx_word' id='word_1_56' title='bbox 570 1285 626 1348; x_wconf 87' lang='grc' dir='ltr'><strong>καὶ</strong></span> <span class='ocrx_word' id='word_1_57' title='bbox 647 1286 757 1373; x_wconf 77' lang='grc' dir='ltr'><em>ψυχῆς</em></span> <span class='ocrx_word' id='word_1_58' title='bbox 779 1287 845 1351; x_wconf 87' lang='grc' dir='ltr'><em>τίνι</em></span> <span class='ocrx_word' id='word_1_59' title='bbox 865 1282 938 1350; x_wconf 83' lang='grc' dir='ltr'><em>κατ’</em></span> <span class='ocrx_word' id='word_1_60' title='bbox 958 1281 1077 1350; x_wconf 83' lang='grc' dir='ltr'><em>οὐσίαν</em></span> <span class='ocrx_word' id='word_1_61' title='bbox 1103 1285 1252 1373; x_wconf 76' lang='grc' dir='ltr'><em>διαφέρει</em></span> 
     </span>
     <span class='ocr_line' id='line_1_10' title="bbox 196 1388 1285 1484; baseline 0.001 -26"><span class='ocrx_word' id='word_1_62' title='bbox 196 1389 218 1475; x_wconf 81' lang='grc' dir='ltr'><em>ἢ</em></span> <span class='ocrx_word' id='word_1_63' title='bbox 240 1389 325 1460; x_wconf 88' lang='grc' dir='ltr'><strong>κατά</strong></span> <span class='ocrx_word' id='word_1_64' title='bbox 348 1391 488 1478; x_wconf 78' lang='grc' dir='ltr'><em>δύναμιν</em></span> <span class='ocrx_word' id='word_1_65' title='bbox 510 1388 532 1473; x_wconf 77' lang='grc' dir='ltr'><strong><em>ἢ</em></strong></span> <span class='ocrx_word' id='word_1_66' title='bbox 553 1391 626 1459; x_wconf 80' lang='grc' dir='ltr'><strong>κατ’</strong></span> <span class='ocrx_word' id='word_1_67' title='bbox 645 1400 827 1484; x_wconf 66' lang='grc' dir='ltr'><em>ἐνέργειαν,</em></span> <span class='ocrx_word' id='word_1_68' title='bbox 1269 1409 1285 1459; x_wconf 84' lang='grc'>9</span> 
     </span>
    </p>

    <p class='ocr_par' dir='ltr' id='par_1_7' title="bbox 142 1498 1303 2151">
     <span class='ocr_line' id='line_1_11' title="bbox 142 1498 1251 1594; baseline 0.001 -25"><span class='ocrx_word' id='word_1_69' title='bbox 142 1517 179 1577; x_wconf 82' lang='lat'><strong>1⁰</strong></span> <span class='ocrx_word' id='word_1_70' title='bbox 290 1507 332 1570; x_wconf 90' lang='grc' dir='ltr'><strong>Τί</strong></span> <span class='ocrx_word' id='word_1_71' title='bbox 355 1498 392 1570; x_wconf 80' lang='grc' dir='ltr'><strong>τὰ</strong></span> <span class='ocrx_word' id='word_1_72' title='bbox 415 1501 584 1590; x_wconf 81' lang='grc' dir='ltr'><em>γνώρισμα</em></span> <span class='ocrx_word' id='word_1_73' title='bbox 606 1509 693 1572; x_wconf 74' lang='grc' dir='ltr'><em>θεοῦ</em></span> <span class='ocrx_word' id='word_1_74' title='bbox 715 1511 901 1594; x_wconf 78' lang='grc' dir='ltr'><strong><em>παρουσίας</em></strong></span> <span class='ocrx_word' id='word_1_75' title='bbox 922 1501 944 1587; x_wconf 81' lang='grc' dir='ltr'><strong><em>ἢ</em></strong></span> <span class='ocrx_word' id='word_1_76' title='bbox 967 1504 1108 1590; x_wconf 75' lang='grc' dir='ltr'><em>ἀγγέλου</em></span> <span class='ocrx_word' id='word_1_77' title='bbox 1130 1499 1153 1584; x_wconf 78' lang='grc' dir='ltr'><em>ἢ</em></span> <span class='ocrx_word' id='word_1_78' title='bbox 1174 1503 1251 1591; x_wconf 80' lang='grc' dir='ltr'><em>ἀργ-</em></span> 
     </span>
     <span class='ocr_line' id='line_1_12' title="bbox 196 1609 1251 1707; baseline -0.001 -24"><span class='ocrx_word' id='word_1_79' title='bbox 196 1620 338 1702; x_wconf 80' lang='grc' dir='ltr'><em>αγγέλον</em></span> <span class='ocrx_word' id='word_1_80' title='bbox 358 1609 382 1697; x_wconf 75' lang='grc' dir='ltr'><em>ἢ</em></span> <span class='ocrx_word' id='word_1_81' title='bbox 404 1617 564 1701; x_wconf 78' lang='grc' dir='ltr'><em>δαίμονος</em></span> <span class='ocrx_word' id='word_1_82' title='bbox 585 1611 608 1698; x_wconf 80' lang='grc' dir='ltr'><em>ἤ</em></span> <span class='ocrx_word' id='word_1_83' title='bbox 630 1642 720 1695; x_wconf 87' lang='grc' dir='ltr'><em>τινος</em></span> <span class='ocrx_word' id='word_1_84' title='bbox 742 1612 904 1706; x_wconf 83' lang='grc' dir='ltr'><em>ἀρχσντσς</em></span> <span class='ocrx_word' id='word_1_85' title='bbox 925 1611 947 1698; x_wconf 76' lang='grc' dir='ltr'><em>ἢ</em></span> <span class='ocrx_word' id='word_1_86' title='bbox 968 1619 1095 1707; x_wconf 70' lang='grc' dir='ltr'><strong><em>ψυχῆςς</em></strong></span> <span class='ocrx_word' id='word_1_87' title='bbox 1123 1612 1162 1682; x_wconf 84' lang='grc' dir='ltr'><strong>τὸ</strong></span> <span class='ocrx_word' id='word_1_88' title='bbox 1185 1613 1251 1707; x_wconf 84' lang='grc' dir='ltr'><strong>γάρ</strong></span> 
     </span>
     <span class='ocr_line' id='line_1_13' title="bbox 195 1724 1303 1820; baseline -0.005 -26"><span class='ocrx_word' id='word_1_89' title='bbox 195 1729 462 1815; x_wconf 79' lang='grc' dir='ltr'><em>ιιιριανσολογεῖν</em></span> <span class='ocrx_word' id='word_1_90' title='bbox 483 1732 539 1795; x_wconf 83' lang='grc' dir='ltr'><strong>καὶ</strong></span> <span class='ocrx_word' id='word_1_91' title='bbox 561 1724 600 1794; x_wconf 82' lang='grc' dir='ltr'><strong>τὸ</strong></span> <span class='ocrx_word' id='word_1_92' title='bbox 625 1724 837 1796; x_wconf 80' lang='grc' dir='ltr'><em>εὶὸωλσιιοιὸν</em></span> <span class='ocrx_word' id='word_1_93' title='bbox 860 1726 1043 1820; x_wconf 80' lang='grc' dir='ltr'><em>φάντασμα</em></span> <span class='ocrx_word' id='word_1_94' title='bbox 1063 1724 1250 1819; x_wconf 80' lang='grc' dir='ltr'><em>φαντάζειν,</em></span> <span class='ocrx_word' id='word_1_95' title='bbox 1269 1737 1303 1789; x_wconf 82' lang='lat'><strong>12</strong></span> 
     </span>
     <span class='ocr_line' id='line_1_14' title="bbox 195 1835 1250 1926; baseline 0 -22"><span class='ocrx_word' id='word_1_96' title='bbox 195 1835 308 1905; x_wconf 85' lang='grc' dir='ltr'><em>κοινόν</em></span> <span class='ocrx_word' id='word_1_97' title='bbox 332 1846 399 1906; x_wconf 77' lang='grc' dir='ltr'><em>ἐστι</em></span> <span class='ocrx_word' id='word_1_98' title='bbox 421 1841 478 1904; x_wconf 82' lang='grc' dir='ltr'><strong>καί</strong></span> <span class='ocrx_word' id='word_1_99' title='bbox 499 1850 570 1918; x_wconf 81' lang='grc' dir='ltr'><em>τοῖς</em></span> <span class='ocrx_word' id='word_1_100' title='bbox 591 1843 688 1919; x_wconf 74' lang='grc' dir='ltr'><strong><em>θεοῖς</em></strong></span> <span class='ocrx_word' id='word_1_101' title='bbox 710 1845 767 1908; x_wconf 84' lang='grc' dir='ltr'><strong>καὶ</strong></span> <span class='ocrx_word' id='word_1_102' title='bbox 789 1843 926 1926; x_wconf 80' lang='grc' dir='ltr'><em>δαίμοσι</em></span> <span class='ocrx_word' id='word_1_103' title='bbox 947 1843 1003 1906; x_wconf 88' lang='grc' dir='ltr'><strong>καί</strong></span> <span class='ocrx_word' id='word_1_104' title='bbox 1018 1852 1088 1917; x_wconf 84' lang='grc' dir='ltr'><strong><em>τοῖς</em></strong></span> <span class='ocrx_word' id='word_1_105' title='bbox 1105 1843 1250 1926; x_wconf 82' lang='grc' dir='ltr'><em>κρείττο-</em></span> 
     </span>
     <span class='ocr_line' id='line_1_15' title="bbox 196 1947 1250 2043; baseline -0.001 -25"><span class='ocrx_word' id='word_1_106' title='bbox 196 1973 250 2018; x_wconf 92' lang='grc' dir='ltr'><strong>σιν</strong></span> <span class='ocrx_word' id='word_1_107' title='bbox 271 1955 396 2036; x_wconf 82' lang='grc' dir='ltr'><em>γίνεσιν</em></span> <span class='ocrx_word' id='word_1_108' title='bbox 418 1947 551 2032; x_wconf 88' lang='grc' dir='ltr'><em>ἀιιασιν,</em></span> <span class='ocrx_word' id='word_1_109' title='bbox 575 1948 652 2019; x_wconf 71' lang='grc' dir='ltr'><strong>ὥστ’</strong></span> <span class='ocrx_word' id='word_1_110' title='bbox 668 1959 703 2018; x_wconf 81' lang='grc' dir='ltr'><strong>ὲν</strong></span> <span class='ocrx_word' id='word_1_111' title='bbox 726 1951 834 2019; x_wconf 79' lang='grc' dir='ltr'><em>οὐδενὶ</em></span> <span class='ocrx_word' id='word_1_112' title='bbox 857 1962 1005 2043; x_wconf 79' lang='grc' dir='ltr'><em>κρεῖττον</em></span> <span class='ocrx_word' id='word_1_113' title='bbox 1018 1955 1111 2019; x_wconf 68' lang='grc' dir='ltr'><em>ἔσται</em></span> <span class='ocrx_word' id='word_1_114' title='bbox 1129 1947 1168 2018; x_wconf 81' lang='grc' dir='ltr'><strong>τὸ</strong></span> <span class='ocrx_word' id='word_1_115' title='bbox 1184 1956 1250 2017; x_wconf 86' lang='grc' dir='ltr'><strong>τῶν</strong></span> 
     </span>
     <span class='ocr_line' id='line_1_16' title="bbox 194 2059 1301 2151; baseline 0 -23"><span class='ocrx_word' id='word_1_116' title='bbox 194 2066 287 2131; x_wconf 74' lang='grc' dir='ltr'><em>θεῶν</em></span> <span class='ocrx_word' id='word_1_117' title='bbox 308 2068 402 2148; x_wconf 77' lang='grc' dir='ltr'><em>γένος</em></span> <span class='ocrx_word' id='word_1_118' title='bbox 424 2061 517 2151; x_wconf 81' lang='grc' dir='ltr'><strong>παρά</strong></span> <span class='ocrx_word' id='word_1_119' title='bbox 539 2059 578 2130; x_wconf 79' lang='grc' dir='ltr'><strong>τὸ</strong></span> <span class='ocrx_word' id='word_1_120' title='bbox 600 2064 667 2130; x_wconf 76' lang='grc' dir='ltr'><strong>τῶν</strong></span> <span class='ocrx_word' id='word_1_121' title='bbox 689 2061 866 2148; x_wconf 80' lang='grc' dir='ltr'><em>δαιμόνων.</em></span> <span class='ocrx_word' id='word_1_122' title='bbox 1225 2096 1231 2107; x_wconf 49' lang='lat'><em>³</em></span> <span class='ocrx_word' id='word_1_123' title='bbox 1268 2077 1301 2129; x_wconf 85' lang='lat'><strong>15</strong></span> 
     </span>
    </p>

    <p class='ocr_par' dir='ltr' id='par_1_8' title="bbox 138 2170 1302 2487">
     <span class='ocr_line' id='line_1_17' title="bbox 138 2170 1249 2262; baseline 0.002 -24"><span class='ocrx_word' id='word_1_124' title='bbox 138 2179 175 2238; x_wconf 92' lang='lat' dir='ltr'><strong>ll</strong></span> <span class='ocrx_word' id='word_1_125' title='bbox 288 2170 359 2255; x_wconf 87' lang='grc' dir='ltr'><strong>Τὴν</strong></span> <span class='ocrx_word' id='word_1_126' title='bbox 378 2175 454 2262; x_wconf 64' lang='lat' dir='ltr'><strong>crept</strong></span> <span class='ocrx_word' id='word_1_127' title='bbox 475 2179 540 2241; x_wconf 82' lang='grc' dir='ltr'><strong>τῶν</strong></span> <span class='ocrx_word' id='word_1_128' title='bbox 562 2178 668 2241; x_wconf 77' lang='grc' dir='ltr'><em>θείων</em></span> <span class='ocrx_word' id='word_1_129' title='bbox 682 2172 823 2261; x_wconf 91' lang='grc' dir='ltr'><em>ἀγνοιαν</em></span> <span class='ocrx_word' id='word_1_130' title='bbox 838 2179 895 2242; x_wconf 85' lang='grc' dir='ltr'><strong>καὶ</strong></span> <span class='ocrx_word' id='word_1_131' title='bbox 911 2173 1052 2256; x_wconf 81' lang='grc' dir='ltr'><em>ἀπάτην,</em></span> <span class='ocrx_word' id='word_1_132' title='bbox 1074 2174 1249 2262; x_wconf 88' lang='grc' dir='ltr'><em>ἀνοσισνρ·</em></span> 
     </span>
     <span class='ocr_line' id='line_1_18' title="bbox 193 2281 1249 2378; baseline -0.001 -27"><span class='ocrx_word' id='word_1_133' title='bbox 193 2290 287 2372; x_wconf 81' lang='grc' dir='ltr'><em>γείαν</em></span> <span class='ocrx_word' id='word_1_134' title='bbox 309 2290 365 2352; x_wconf 87' lang='grc' dir='ltr'><strong>καὶ</strong></span> <span class='ocrx_word' id='word_1_135' title='bbox 388 2285 598 2376; x_wconf 83' lang='grc' dir='ltr'><em>ἀκαταρσίαν</em></span> <span class='ocrx_word' id='word_1_136' title='bbox 621 2286 713 2368; x_wconf 82' lang='grc' dir='ltr'><em>εἶναι,</em></span> <span class='ocrx_word' id='word_1_137' title='bbox 737 2283 831 2354; x_wconf 85' lang='grc' dir='ltr'><em>ὅσιον</em></span> <span class='ocrx_word' id='word_1_138' title='bbox 846 2290 902 2353; x_wconf 85' lang='grc' dir='ltr'><strong>καὶ</strong></span> <span class='ocrx_word' id='word_1_139' title='bbox 918 2286 1084 2378; x_wconf 83' lang='grc' dir='ltr'><em>ὠφέλιμον</em></span> <span class='ocrx_word' id='word_1_140' title='bbox 1098 2281 1159 2368; x_wconf 79' lang='grc' dir='ltr'><strong>τὴν</strong></span> <span class='ocrx_word' id='word_1_141' title='bbox 1175 2289 1249 2373; x_wconf 79' lang='grc' dir='ltr'><strong><em>περὶ</em></strong></span> 
     </span>
     <span class='ocr_line' id='line_1_19' title="bbox 192 2396 1302 2487; baseline -0.005 -24"><span class='ocrx_word' id='word_1_142' title='bbox 192 2401 286 2464; x_wconf 76' lang='grc' dir='ltr'><em>θεῶν</em></span> <span class='ocrx_word' id='word_1_143' title='bbox 307 2396 500 2485; x_wconf 77' lang='grc' dir='ltr'><em>ἐπιστήμην,</em></span> <span class='ocrx_word' id='word_1_144' title='bbox 523 2396 561 2466; x_wconf 83' lang='grc' dir='ltr'><strong>τὸ</strong></span> <span class='ocrx_word' id='word_1_145' title='bbox 584 2403 643 2481; x_wconf 84' lang='grc' dir='ltr'><strong>τῆς</strong></span> <span class='ocrx_word' id='word_1_146' title='bbox 666 2398 805 2485; x_wconf 75' lang='grc' dir='ltr'><em>ἀγνοίας</em></span> <span class='ocrx_word' id='word_1_147' title='bbox 819 2402 879 2481; x_wconf 82' lang='grc' dir='ltr'><strong>τῆς</strong></span> <span class='ocrx_word' id='word_1_148' title='bbox 894 2404 967 2487; x_wconf 78' lang='grc' dir='ltr'><em>περὶ</em></span> <span class='ocrx_word' id='word_1_149' title='bbox 982 2403 1048 2465; x_wconf 83' lang='grc' dir='ltr'><strong>τῶν</strong></span> <span class='ocrx_word' id='word_1_150' title='bbox 1063 2400 1179 2485; x_wconf 86' lang='grc' dir='ltr'><em>τιμίων</em></span> <span class='ocrx_word' id='word_1_151' title='bbox 1193 2401 1250 2463; x_wconf 85' lang='grc' dir='ltr'><strong>καὶ</strong></span> <span class='ocrx_word' id='word_1_152' title='bbox 1268 2406 1302 2458; x_wconf 82' lang='grc'><strong>18</strong></span> 
     </span>
    </p>
   </div>
   <div class='ocr_carea' id='block_1_3' title="bbox 263 2575 1247 2732">
    <p class='ocr_par' dir='ltr' id='par_1_9' title="bbox 263 2575 1247 2732">
     <span class='ocr_line' id='line_1_20' title="bbox 263 2575 1247 2647; baseline -0.001 -18"><span class='ocrx_word' id='word_1_153' title='bbox 263 2579 369 2632; x_wconf 79' lang='lat' dir='ltr'><strong>Fontes:</strong></span> <span class='ocrx_word' id='word_1_154' title='bbox 398 2579 453 2647; x_wconf 59' lang='lat' dir='ltr'><strong>§.Z</strong></span> <span class='ocrx_word' id='word_1_155' title='bbox 470 2579 652 2640; x_wconf 81' lang='lat' dir='ltr'><strong>Jamb1,1‚19.</strong></span> <span class='ocrx_word' id='word_1_156' title='bbox 698 2576 957 2647; x_wconf 77' lang='lat' dir='ltr'><strong>§.8.Jambl.l‚20.</strong></span> <span class='ocrx_word' id='word_1_157' title='bbox 1003 2575 1247 2645; x_wconf 73' lang='lat' dir='ltr'><strong>§.9.Jambl.2‚1.</strong></span> 
     </span>
     <span class='ocr_line' id='line_1_21' title="bbox 263 2662 1006 2732; baseline 0.003 -17"><span class='ocrx_word' id='word_1_158' title='bbox 263 2663 335 2732; x_wconf 68' lang='lat' dir='ltr'><strong>§.lo</strong></span> <span class='ocrx_word' id='word_1_159' title='bbox 362 2667 456 2717; x_wconf 82' lang='lat' dir='ltr'><strong>Jambl.</strong></span> <span class='ocrx_word' id='word_1_160' title='bbox 476 2668 500 2727; x_wconf 85' lang='lat'><strong>2,</strong></span> <span class='ocrx_word' id='word_1_161' title='bbox 520 2667 534 2718; x_wconf 82' lang='lat'><strong>3</strong></span> <span class='ocrx_word' id='word_1_162' title='bbox 555 2679 578 2716; x_wconf 84' lang='lat' dir='ltr'><strong>et</strong></span> <span class='ocrx_word' id='word_1_163' title='bbox 597 2665 639 2718; x_wconf 84' lang='lat'><strong>10.</strong></span> <span class='ocrx_word' id='word_1_164' title='bbox 711 2662 735 2732; x_wconf 59' lang='grc' dir='ltr'>ᾗ</span> <span class='ocrx_word' id='word_1_165' title='bbox 748 2665 787 2717; x_wconf 90' lang='lat' dir='ltr'><strong>ll.</strong></span> <span class='ocrx_word' id='word_1_166' title='bbox 815 2665 910 2716; x_wconf 86' lang='lat' dir='ltr'><strong>Jambl.</strong></span> <span class='ocrx_word' id='word_1_167' title='bbox 928 2664 1006 2726; x_wconf 58' lang='lat'><strong>211.</strong></span> 
     </span>
    </p>
   </div>
   <div class='ocr_carea' id='block_1_4' title="bbox 123 2838 1249 4298">
    <p class='ocr_par' dir='ltr' id='par_1_10' title="bbox 192 2838 1248 2983">
     <span class='ocr_line' id='line_1_22' title="bbox 262 2838 1248 2917; baseline 0.001 -22"><span class='ocrx_word' id='word_1_168' title='bbox 262 2839 402 2896; x_wconf 87' lang='lat' dir='ltr'><strong>Praeterea</strong></span> <span class='ocrx_word' id='word_1_169' title='bbox 415 2838 549 2915; x_wconf 84' lang='lat' dir='ltr'><strong>quomodo</strong></span> <span class='ocrx_word' id='word_1_170' title='bbox 562 2838 672 2896; x_wconf 84' lang='lat' dir='ltr'><strong>deorum</strong></span> <span class='ocrx_word' id='word_1_171' title='bbox 685 2843 889 2917; x_wconf 87' lang='lat' dir='ltr'><strong>conspicnorum</strong></span> <span class='ocrx_word' id='word_1_172' title='bbox 902 2838 947 2896; x_wconf 86' lang='lat' dir='ltr'><strong>alii</strong></span> <span class='ocrx_word' id='word_1_173' title='bbox 959 2839 1082 2905; x_wconf 87' lang='lat' dir='ltr'><strong>benefici,</strong></span> <span class='ocrx_word' id='word_1_174' title='bbox 1097 2838 1143 2894; x_wconf 84' lang='lat' dir='ltr'><strong>alii</strong></span> <span class='ocrx_word' id='word_1_175' title='bbox 1155 2849 1248 2896; x_wconf 84' lang='lat' dir='ltr'><strong>eontra</strong></span> 
     </span>
     <span class='ocr_line' id='line_1_23' title="bbox 192 2926 607 2983; baseline -0.007 0"><span class='ocrx_word' id='word_1_176' title='bbox 192 2926 308 2983; x_wconf 85' lang='lat' dir='ltr'><strong>malefici</strong></span> <span class='ocrx_word' id='word_1_177' title='bbox 327 2926 469 2982; x_wconf 80' lang='lat' dir='ltr'><strong>dicuntur?</strong></span> <span class='ocrx_word' id='word_1_178' title='bbox 605 2930 607 2934; x_wconf 80' lang='grc'><strong>’</strong></span> 
     </span>
    </p>

    <p class='ocr_par' dir='ltr' id='par_1_11' title="bbox 154 3003 1248 3157">
     <span class='ocr_line' id='line_1_24' title="bbox 154 3003 1248 3091; baseline 0.005 -28"><span class='ocrx_word' id='word_1_179' title='bbox 154 3003 173 3063; x_wconf 81' lang='grc'><strong>7</strong></span> <span class='ocrx_word' id='word_1_180' title='bbox 265 3010 338 3086; x_wconf 79' lang='lat' dir='ltr'><strong>Quid</strong></span> <span class='ocrx_word' id='word_1_181' title='bbox 362 3014 398 3067; x_wconf 85' lang='lat' dir='ltr'><strong>sit</strong></span> <span class='ocrx_word' id='word_1_182' title='bbox 421 3013 493 3088; x_wconf 79' lang='lat' dir='ltr'><strong>qnod</strong></span> <span class='ocrx_word' id='word_1_183' title='bbox 518 3033 579 3070; x_wconf 90' lang='lat' dir='ltr'><strong>cnm</strong></span> <span class='ocrx_word' id='word_1_184' title='bbox 601 3013 654 3070; x_wconf 81' lang='lat' dir='ltr'><strong>(iiis</strong></span> <span class='ocrx_word' id='word_1_185' title='bbox 672 3015 840 3091; x_wconf 80' lang='lat' dir='ltr'>incorporeis</span> <span class='ocrx_word' id='word_1_186' title='bbox 863 3012 929 3068; x_wconf 87' lang='lat' dir='ltr'><strong>deos</strong></span> <span class='ocrx_word' id='word_1_187' title='bbox 953 3014 981 3067; x_wconf 91' lang='lat' dir='ltr'><strong>in</strong></span> <span class='ocrx_word' id='word_1_188' title='bbox 1005 3011 1078 3069; x_wconf 83' lang='lat' dir='ltr'><strong>caelo</strong></span> <span class='ocrx_word' id='word_1_189' title='bbox 1102 3031 1248 3089; x_wconf 87' lang='lat' dir='ltr'><strong>corporeos</strong></span> 
     </span>
     <span class='ocr_line' id='line_1_25' title="bbox 191 3100 609 3157; baseline -0.01 0"><span class='ocrx_word' id='word_1_190' title='bbox 191 3100 349 3157; x_wconf 66' lang='lat' dir='ltr'><strong>connectat?</strong></span> <span class='ocrx_word' id='word_1_191' title='bbox 604 3144 609 3153; x_wconf 86' lang='grc'><em>,</em></span> 
     </span>
    </p>

    <p class='ocr_par' dir='ltr' id='par_1_12' title="bbox 153 3182 1249 3416">
     <span class='ocr_line' id='line_1_26' title="bbox 153 3182 1248 3262; baseline -0.004 -19"><span class='ocrx_word' id='word_1_192' title='bbox 153 3186 173 3248; x_wconf 84' lang='grc'>8</span> <span class='ocrx_word' id='word_1_193' title='bbox 262 3186 337 3260; x_wconf 78' lang='lat' dir='ltr'><strong>Quid</strong></span> <span class='ocrx_word' id='word_1_194' title='bbox 355 3187 392 3241; x_wconf 91' lang='lat' dir='ltr'><strong>sit</strong></span> <span class='ocrx_word' id='word_1_195' title='bbox 410 3184 484 3261; x_wconf 78' lang='lat' dir='ltr'><strong>qnod</strong></span> <span class='ocrx_word' id='word_1_196' title='bbox 503 3184 648 3261; x_wconf 83' lang='lat' dir='ltr'><strong>distinguat</strong></span> <span class='ocrx_word' id='word_1_197' title='bbox 667 3186 809 3242; x_wconf 81' lang='lat' dir='ltr'><strong>daemonas</strong></span> <span class='ocrx_word' id='word_1_198' title='bbox 827 3196 884 3241; x_wconf 89' lang='lat' dir='ltr'><strong>tum</strong></span> <span class='ocrx_word' id='word_1_199' title='bbox 902 3205 915 3239; x_wconf 87' lang='lat' dir='ltr'><strong>a</strong></span> <span class='ocrx_word' id='word_1_200' title='bbox 935 3182 988 3240; x_wconf 83' lang='lat' dir='ltr'><strong>diis</strong></span> <span class='ocrx_word' id='word_1_201' title='bbox 1007 3186 1169 3262; x_wconf 85' lang='lat' dir='ltr'><strong>conspicuis,</strong></span> <span class='ocrx_word' id='word_1_202' title='bbox 1191 3193 1248 3239; x_wconf 88' lang='lat' dir='ltr'><strong>tum</strong></span> 
     </span>
     <span class='ocr_line' id='line_1_27' title="bbox 190 3272 1249 3352; baseline -0.004 -23"><span class='ocrx_word' id='word_1_203' title='bbox 190 3275 223 3329; x_wconf 87' lang='lat' dir='ltr'><strong>ab</strong></span> <span class='ocrx_word' id='word_1_204' title='bbox 242 3275 435 3352; x_wconf 86' lang='lat' dir='ltr'><strong>inconspicuis‚</strong></span> <span class='ocrx_word' id='word_1_205' title='bbox 460 3272 675 3348; x_wconf 79' lang='lat' dir='ltr'><strong>quandoquidem</strong></span> <span class='ocrx_word' id='word_1_206' title='bbox 694 3272 731 3328; x_wconf 83' lang='lat' dir='ltr'><strong>dii</strong></span> <span class='ocrx_word' id='word_1_207' title='bbox 750 3273 889 3349; x_wconf 82' lang='lat' dir='ltr'><strong>conspicui</strong></span> <span class='ocrx_word' id='word_1_208' title='bbox 908 3291 968 3326; x_wconf 90' lang='lat' dir='ltr'><strong>cum</strong></span> <span class='ocrx_word' id='word_1_209' title='bbox 985 3272 1167 3348; x_wconf 86' lang='lat' dir='ltr'><strong>inconspicnis</strong></span> <span class='ocrx_word' id='word_1_210' title='bbox 1186 3290 1249 3326; x_wconf 87' lang='lat' dir='ltr'><strong>eon·</strong></span> 
     </span>
     <span class='ocr_line' id='line_1_28' title="bbox 189 3361 349 3416; baseline 0.013 -2"><span class='ocrx_word' id='word_1_211' title='bbox 189 3361 349 3416; x_wconf 79' lang='lat' dir='ltr'><strong>nectuntur?</strong></span> 
     </span>
    </p>

    <p class='ocr_par' dir='ltr' id='par_1_13' title="bbox 150 3443 1246 3610">
     <span class='ocr_line' id='line_1_29' title="bbox 150 3443 1246 3521; baseline -0.007 -16"><span class='ocrx_word' id='word_1_212' title='bbox 150 3446 170 3505; x_wconf 85' lang='lat'><strong>9</strong></span> <span class='ocrx_word' id='word_1_213' title='bbox 262 3444 405 3521; x_wconf 78' lang='lat' dir='ltr'><strong>Quomodo</strong></span> <span class='ocrx_word' id='word_1_214' title='bbox 425 3444 532 3501; x_wconf 84' lang='lat' dir='ltr'><strong>differat</strong></span> <span class='ocrx_word' id='word_1_215' title='bbox 550 3444 661 3501; x_wconf 84' lang='lat' dir='ltr'><strong>daemon</strong></span> <span class='ocrx_word' id='word_1_216' title='bbox 679 3446 712 3500; x_wconf 86' lang='lat' dir='ltr'><strong>ab</strong></span> <span class='ocrx_word' id='word_1_217' title='bbox 725 3444 807 3501; x_wconf 89' lang='lat' dir='ltr'><strong>heroe</strong></span> <span class='ocrx_word' id='word_1_218' title='bbox 820 3454 847 3500; x_wconf 87' lang='lat' dir='ltr'><strong>et</strong></span> <span class='ocrx_word' id='word_1_219' title='bbox 860 3444 962 3500; x_wconf 78' lang='lat' dir='ltr'><strong>anima?</strong></span> <span class='ocrx_word' id='word_1_220' title='bbox 989 3464 1022 3498; x_wconf 84' lang='lat' dir='ltr'><strong>an</strong></span> <span class='ocrx_word' id='word_1_221' title='bbox 1034 3463 1083 3519; x_wconf 92' lang='lat' dir='ltr'><strong>per</strong></span> <span class='ocrx_word' id='word_1_222' title='bbox 1094 3443 1246 3508; x_wconf 76' lang='lat' dir='ltr'><strong>essentiam,</strong></span> 
     </span>
     <span class='ocr_line' id='line_1_30' title="bbox 188 3530 799 3610; baseline -0.007 -22"><span class='ocrx_word' id='word_1_223' title='bbox 188 3552 221 3588; x_wconf 89' lang='lat' dir='ltr'><strong>an</strong></span> <span class='ocrx_word' id='word_1_224' title='bbox 238 3552 288 3610; x_wconf 89' lang='lat' dir='ltr'><strong>per</strong></span> <span class='ocrx_word' id='word_1_225' title='bbox 305 3533 461 3610; x_wconf 85' lang='lat' dir='ltr'><strong>potentiam,</strong></span> <span class='ocrx_word' id='word_1_226' title='bbox 480 3551 513 3586; x_wconf 87' lang='lat' dir='ltr'><strong>an</strong></span> <span class='ocrx_word' id='word_1_227' title='bbox 530 3551 584 3609; x_wconf 87' lang='lat' dir='ltr'><strong>per</strong></span> <span class='ocrx_word' id='word_1_228' title='bbox 599 3530 799 3608; x_wconf 76' lang='lat' dir='ltr'><strong>operationem?</strong></span> 
     </span>
    </p>

    <p class='ocr_par' dir='ltr' id='par_1_14' title="bbox 123 3616 1247 4298">
     <span class='ocr_line' id='line_1_31' title="bbox 131 3616 1246 3695; baseline -0.009 -15"><span class='ocrx_word' id='word_1_229' title='bbox 131 3621 169 3683; x_wconf 81' lang='lat' dir='ltr'><strong>lo</strong></span> <span class='ocrx_word' id='word_1_230' title='bbox 261 3619 322 3693; x_wconf 78' lang='lat' dir='ltr'><strong>Quo</strong></span> <span class='ocrx_word' id='word_1_231' title='bbox 342 3619 442 3675; x_wconf 83' lang='lat' dir='ltr'><strong>indicio</strong></span> <span class='ocrx_word' id='word_1_232' title='bbox 461 3619 597 3695; x_wconf 83' lang='lat' dir='ltr'><strong>possimne</strong></span> <span class='ocrx_word' id='word_1_233' title='bbox 616 3619 799 3673; x_wconf 81' lang='lat' dir='ltr'><strong>internoscere</strong></span> <span class='ocrx_word' id='word_1_234' title='bbox 818 3636 886 3692; x_wconf 89' lang='lat' dir='ltr'><strong>quae</strong></span> <span class='ocrx_word' id='word_1_235' title='bbox 904 3618 940 3671; x_wconf 84' lang='lat' dir='ltr'><strong>sit</strong></span> <span class='ocrx_word' id='word_1_236' title='bbox 958 3616 1001 3671; x_wconf 83' lang='lat' dir='ltr'><strong>dei</strong></span> <span class='ocrx_word' id='word_1_237' title='bbox 1019 3617 1160 3693; x_wconf 76' lang='lat' dir='ltr'><strong>apparitio,</strong></span> <span class='ocrx_word' id='word_1_238' title='bbox 1179 3635 1246 3691; x_wconf 88' lang='lat' dir='ltr'><strong>qnae</strong></span> 
     </span>
     <span class='ocr_line' id='line_1_32' title="bbox 186 3700 1247 3782; baseline -0.002 -24"><span class='ocrx_word' id='word_1_239' title='bbox 186 3703 275 3780; x_wconf 80' lang='lat' dir='ltr'><strong>angeli</strong></span> <span class='ocrx_word' id='word_1_240' title='bbox 297 3714 343 3760; x_wconf 91' lang='lat' dir='ltr'><strong>aut</strong></span> <span class='ocrx_word' id='word_1_241' title='bbox 366 3703 517 3782; x_wconf 78' lang='lat' dir='ltr'><strong>archangeli</strong></span> <span class='ocrx_word' id='word_1_242' title='bbox 540 3714 586 3761; x_wconf 83' lang='lat' dir='ltr'><strong>ant</strong></span> <span class='ocrx_word' id='word_1_243' title='bbox 610 3703 746 3759; x_wconf 82' lang='lat' dir='ltr'><strong>daemonis</strong></span> <span class='ocrx_word' id='word_1_244' title='bbox 769 3712 815 3759; x_wconf 85' lang='lat' dir='ltr'><strong>ant</strong></span> <span class='ocrx_word' id='word_1_245' title='bbox 837 3723 852 3758; x_wconf 92' lang='lat' dir='ltr'><strong>e</strong></span> <span class='ocrx_word' id='word_1_246' title='bbox 875 3701 1043 3779; x_wconf 84' lang='lat' dir='ltr'><strong>principibus</strong></span> <span class='ocrx_word' id='word_1_247' title='bbox 1066 3700 1178 3758; x_wconf 89' lang='lat' dir='ltr'><strong>alicuius</strong></span> <span class='ocrx_word' id='word_1_248' title='bbox 1201 3710 1247 3757; x_wconf 86' lang='lat' dir='ltr'><strong>aut</strong></span> 
     </span>
     <span class='ocr_line' id='line_1_33' title="bbox 185 3787 1245 3867; baseline -0.002 -22"><span class='ocrx_word' id='word_1_249' title='bbox 185 3790 307 3845; x_wconf 77' lang='lat' dir='ltr'><strong>animae?</strong></span> <span class='ocrx_word' id='word_1_250' title='bbox 334 3810 394 3846; x_wconf 90' lang='lat' dir='ltr'><strong>nam</strong></span> <span class='ocrx_word' id='word_1_251' title='bbox 412 3790 450 3848; x_wconf 82' lang='lat' dir='ltr'><strong>dii</strong></span> <span class='ocrx_word' id='word_1_252' title='bbox 469 3801 496 3846; x_wconf 89' lang='lat' dir='ltr'><strong>et</strong></span> <span class='ocrx_word' id='word_1_253' title='bbox 515 3790 658 3848; x_wconf 86' lang='lat' dir='ltr'><strong>daemones</strong></span> <span class='ocrx_word' id='word_1_254' title='bbox 677 3800 704 3846; x_wconf 90' lang='lat' dir='ltr'><strong>et</strong></span> <span class='ocrx_word' id='word_1_255' title='bbox 721 3787 801 3867; x_wconf 90' lang='lat' dir='ltr'><strong>plane</strong></span> <span class='ocrx_word' id='word_1_256' title='bbox 820 3789 908 3843; x_wconf 79' lang='lat' dir='ltr'><strong>omnia</strong></span> <span class='ocrx_word' id='word_1_257' title='bbox 926 3790 1066 3866; x_wconf 86' lang='lat' dir='ltr'><strong>superiora</strong></span> <span class='ocrx_word' id='word_1_258' title='bbox 1085 3808 1180 3863; x_wconf 82' lang='lat' dir='ltr'><strong>genera</strong></span> <span class='ocrx_word' id='word_1_259' title='bbox 1192 3787 1245 3843; x_wconf 86' lang='lat' dir='ltr'><strong>hoc</strong></span> 
     </span>
     <span class='ocr_line' id='line_1_34' title="bbox 184 3871 1246 3954; baseline -0.003 -23"><span class='ocrx_word' id='word_1_260' title='bbox 184 3875 284 3931; x_wconf 79' lang='lat' dir='ltr'><strong>habent</strong></span> <span class='ocrx_word' id='word_1_261' title='bbox 303 3894 450 3942; x_wconf 86' lang='lat' dir='ltr'><strong>commune,</strong></span> <span class='ocrx_word' id='word_1_262' title='bbox 469 3886 499 3931; x_wconf 90' lang='lat' dir='ltr'><strong>nt</strong></span> <span class='ocrx_word' id='word_1_263' title='bbox 518 3875 671 3932; x_wconf 84' lang='lat' dir='ltr'><strong>iactabundi</strong></span> <span class='ocrx_word' id='word_1_264' title='bbox 686 3884 838 3954; x_wconf 83' lang='lat' dir='ltr'><strong>appareant,</strong></span> <span class='ocrx_word' id='word_1_265' title='bbox 858 3884 885 3929; x_wconf 88' lang='lat' dir='ltr'><strong>et</strong></span> <span class='ocrx_word' id='word_1_266' title='bbox 897 3873 968 3930; x_wconf 85' lang='lat' dir='ltr'><strong>idola</strong></span> <span class='ocrx_word' id='word_1_267' title='bbox 983 3873 1112 3950; x_wconf 81' lang='lat' dir='ltr'><strong>quaedam</strong></span> <span class='ocrx_word' id='word_1_268' title='bbox 1124 3882 1152 3929; x_wconf 92' lang='lat' dir='ltr'><strong>et</strong></span> <span class='ocrx_word' id='word_1_269' title='bbox 1163 3871 1246 3950; x_wconf 90' lang='lat' dir='ltr'><strong>phan-</strong></span> 
     </span>
     <span class='ocr_line' id='line_1_35' title="bbox 183 3958 1225 4037; baseline -0.002 -20"><span class='ocrx_word' id='word_1_270' title='bbox 183 3971 296 4017; x_wconf 87' lang='lat' dir='ltr'><strong>tasmata</strong></span> <span class='ocrx_word' id='word_1_271' title='bbox 309 3958 344 4016; x_wconf 85' lang='lat' dir='ltr'><strong>de</strong></span> <span class='ocrx_word' id='word_1_272' title='bbox 357 3980 388 4015; x_wconf 91' lang='lat' dir='ltr'><strong>se</strong></span> <span class='ocrx_word' id='word_1_273' title='bbox 399 3960 507 4035; x_wconf 81' lang='lat' dir='ltr'><strong>fingant.</strong></span> <span class='ocrx_word' id='word_1_274' title='bbox 554 3982 634 4037; x_wconf 87' lang='lat' dir='ltr'><strong>quare</strong></span> <span class='ocrx_word' id='word_1_275' title='bbox 647 3966 675 4017; x_wconf 94' lang='lat' dir='ltr'><strong>in</strong></span> <span class='ocrx_word' id='word_1_276' title='bbox 688 3961 760 4017; x_wconf 83' lang='lat' dir='ltr'><strong>nulla</strong></span> <span class='ocrx_word' id='word_1_277' title='bbox 773 3981 803 4016; x_wconf 90' lang='lat' dir='ltr'><strong>re</strong></span> <span class='ocrx_word' id='word_1_278' title='bbox 815 3960 853 4016; x_wconf 80' lang='lat' dir='ltr'><strong>dii</strong></span> <span class='ocrx_word' id='word_1_279' title='bbox 867 3959 1030 4016; x_wconf 84' lang='lat' dir='ltr'><strong>antecellunt</strong></span> <span class='ocrx_word' id='word_1_280' title='bbox 1043 3959 1225 4015; x_wconf 85' lang='lat' dir='ltr'><strong>daemonibus.</strong></span> 
     </span>
     <span class='ocr_line' id='line_1_36' title="bbox 123 4041 1246 4123; baseline -0.001 -23"><span class='ocrx_word' id='word_1_281' title='bbox 123 4041 160 4100; x_wconf 91' lang='lat' dir='ltr'><strong>ll</strong></span> <span class='ocrx_word' id='word_1_282' title='bbox 254 4047 325 4104; x_wconf 85' lang='lat' dir='ltr'><strong>Cum</strong></span> <span class='ocrx_word' id='word_1_283' title='bbox 344 4047 426 4122; x_wconf 80' lang='lat' dir='ltr'><strong>igitur</strong></span> <span class='ocrx_word' id='word_1_284' title='bbox 444 4047 592 4121; x_wconf 80' lang='lat' dir='ltr'><strong>ignorantia</strong></span> <span class='ocrx_word' id='word_1_285' title='bbox 611 4057 638 4103; x_wconf 87' lang='lat' dir='ltr'><strong>et</strong></span> <span class='ocrx_word' id='word_1_286' title='bbox 656 4067 732 4103; x_wconf 90' lang='lat' dir='ltr'><strong>error</strong></span> <span class='ocrx_word' id='word_1_287' title='bbox 750 4050 822 4104; x_wconf 90' lang='lat' dir='ltr'><strong>circa</strong></span> <span class='ocrx_word' id='word_1_288' title='bbox 841 4046 931 4102; x_wconf 84' lang='lat' dir='ltr'><strong>divina</strong></span> <span class='ocrx_word' id='word_1_289' title='bbox 950 4047 1096 4123; x_wconf 88' lang='lat' dir='ltr'><strong>impictatis</strong></span> <span class='ocrx_word' id='word_1_290' title='bbox 1115 4047 1203 4101; x_wconf 89' lang='lat' dir='ltr'><strong>omnis</strong></span> <span class='ocrx_word' id='word_1_291' title='bbox 1219 4055 1246 4101; x_wconf 88' lang='lat' dir='ltr'><strong>et</strong></span> 
     </span>
     <span class='ocr_line' id='line_1_37' title="bbox 181 4130 1245 4212; baseline -0.003 -22"><span class='ocrx_word' id='word_1_292' title='bbox 181 4134 344 4212; x_wconf 88' lang='lat' dir='ltr'><strong>impuritatis</strong></span> <span class='ocrx_word' id='word_1_293' title='bbox 364 4131 423 4188; x_wconf 84' lang='lat' dir='ltr'><strong>fons</strong></span> <span class='ocrx_word' id='word_1_294' title='bbox 443 4133 491 4199; x_wconf 88' lang='lat' dir='ltr'><strong>sit,</strong></span> <span class='ocrx_word' id='word_1_295' title='bbox 517 4130 627 4188; x_wconf 87' lang='lat' dir='ltr'><strong>deorum</strong></span> <span class='ocrx_word' id='word_1_296' title='bbox 646 4143 731 4189; x_wconf 85' lang='lat' dir='ltr'><strong>autem</strong></span> <span class='ocrx_word' id='word_1_297' title='bbox 750 4134 868 4208; x_wconf 78' lang='lat' dir='ltr'><strong>cognitio</strong></span> <span class='ocrx_word' id='word_1_298' title='bbox 892 4142 919 4189; x_wconf 90' lang='lat' dir='ltr'><strong>et</strong></span> <span class='ocrx_word' id='word_1_299' title='bbox 937 4140 1029 4187; x_wconf 86' lang='lat' dir='ltr'><strong>sancta</strong></span> <span class='ocrx_word' id='word_1_300' title='bbox 1052 4140 1080 4187; x_wconf 86' lang='lat' dir='ltr'><strong>et</strong></span> <span class='ocrx_word' id='word_1_301' title='bbox 1102 4130 1245 4187; x_wconf 86' lang='lat' dir='ltr'><strong>utilissima</strong></span> 
     </span>
     <span class='ocr_line' id='line_1_38' title="bbox 180 4215 1244 4298; baseline -0.002 -23"><span class='ocrx_word' id='word_1_302' title='bbox 180 4222 337 4298; x_wconf 80' lang='lat' dir='ltr'><strong>reperiatur,</strong></span> <span class='ocrx_word' id='word_1_303' title='bbox 356 4228 488 4297; x_wconf 86' lang='lat' dir='ltr'><strong>quatenus</strong></span> <span class='ocrx_word' id='word_1_304' title='bbox 500 4219 623 4295; x_wconf 83' lang='lat' dir='ltr'><strong>ignorare</strong></span> <span class='ocrx_word' id='word_1_305' title='bbox 636 4217 700 4274; x_wconf 85' lang='lat' dir='ltr'><strong>deos</strong></span> <span class='ocrx_word' id='word_1_306' title='bbox 713 4219 847 4287; x_wconf 89' lang='lat' dir='ltr'><strong>tenebras,</strong></span> <span class='ocrx_word' id='word_1_307' title='bbox 868 4237 951 4274; x_wconf 86' lang='lat' dir='ltr'><strong>nosse</strong></span> <span class='ocrx_word' id='word_1_308' title='bbox 963 4227 1052 4274; x_wconf 78' lang='lat' dir='ltr'><strong>antem</strong></span> <span class='ocrx_word' id='word_1_309' title='bbox 1065 4215 1152 4272; x_wconf 90' lang='lat' dir='ltr'><strong>lucem</strong></span> <span class='ocrx_word' id='word_1_310' title='bbox 1164 4217 1244 4274; x_wconf 85' lang='lat' dir='ltr'><strong>nobis</strong></span> 
     </span>
    </p>
   </div>
   <div class='ocr_carea' id='block_1_5' title="bbox 0 0 1392 4876">
    <p class='ocr_par' dir='ltr' id='par_1_15' title="bbox 0 0 1392 4876">
     <span class='ocr_line' id='line_1_39' title="bbox 0 0 1392 4876; baseline 0 4"><span class='ocrx_word' id='word_1_311' title='bbox 0 0 1392 4876; x_wconf 95' lang='lat' dir='ltr'><strong> </strong></span> 
     </span>
    </p>
   </div>
  </div>
 </body>
</html>
