2776 4876
601 344 745 424 Porphyrii
763 345 885 425 epistola.
1167 362 1267 405 mlx

215 504 430 570 ἐιιτελούνται.
476 507 588 589 πολλῷ
610 506 645 571 δέ
667 502 792 572 τούτων
815 501 1033 593 ἀλογώτερον,
1061 502 1100 573 τά
1122 504 1168 592 μὴ
1194 509 1268 572 δαί·
1284 521 1324 582 ³⁰

214 639 301 699 μονι,
323 621 352 680 εί
373 611 476 701 τύχοι,
504 613 528 698 ἢ
550 619 638 707 φνχῄ
659 614 872 699 τεθνηκότος,
901 616 991 702 αὐτῷ
1013 619 1048 684 δὲ
1069 620 1115 703 τῷ
1136 620 1269 702 βασιλεῖ

179 725 317 812 3Ἡλίῳ
329 722 361 807 ,ἢ
377 723 519 819 ,Σελήνῃ
539 722 563 808 ἥ
585 751 648 794 τινι
662 732 728 794 τῶν
749 727 822 795 κατ’
838 725 991 817 οὐρανόν,
1014 723 1199 818 ἀνθρωπον
1221 730 1268 814 uqi

212 835 344 924 τυχόντι
364 837 551 927 ὑποχείριον
574 835 711 917 ἀπειλάς
732 843 966 931 προσφέροντα
989 842 1153 932 ἐκφοβεῖν,
1184 855 1266 930 φιν-

214 945 355 1035 δόμενον
377 948 419 1016 ἵν’
439 957 555 1017 ἐκεῖνοι
577 947 801 1032 ἀληθεύσωσι.
847 950 884 1019 τὰ
907 949 971 1038 γάρ
994 952 1107 1036 λίγειν,
1133 947 1185 1019 ὅτι
1206 947 1266 1018 τὸν
1282 959 1321 1020 31

178 1057 358 1149 σούρανὸν
384 1059 589 1151 προσαράξιι
616 1065 673 1128 καὶ
695 1057 737 1127 τά
758 1057 885 1151 κρυπτά
907 1065 967 1144 τῆς
983 1057 1105 1141 Ἴσιδος
1131 1069 1267 1154 ἐκφανεῖ

212 1175 270 1239 καὶ
290 1168 330 1238 τὸ
354 1179 389 1240 ἐν
409 1173 536 1259 Ἀβύδῳ
559 1170 752 1259 ἀπόρρητον
774 1173 871 1254 δείξει
891 1177 948 1240 καὶ
962 1169 1024 1254 τὴν
1038 1171 1139 1261 βάριν
1153 1171 1267 1256 στήσει

211 1287 268 1351 καὶ
290 1281 332 1350 τά
354 1288 436 1370 μέλη
458 1288 519 1352 τοῦ
538 1284 701 1373 Ὀσίριδος
723 1282 931 1354 διασκεδάσει
952 1287 999 1369 τῷ
1027 1287 1168 1377 Ίνφῶνι,
1189 1289 1266 1354 τίνοι

176 1394 272 1481 ἐοάχ
295 1392 480 1480 ὑπερβολὴν
502 1399 682 1481 ἐμπληξίας
703 1400 763 1482 μὲν
784 1402 831 1483 τῷ
853 1396 1042 1464 ἀπειλοῦντι
1058 1392 1081 1463 ἀ
1096 1395 1178 1484 μήτε
1201 1393 1265 1464 εἶδε

210 1507 292 1592 μήτε
309 1506 456 1588 δύναται,
478 1511 675 1587 καταλείπει,
697 1505 931 1589 ταπεινότητος
946 1511 982 1574 δὲ
997 1519 1067 1586 τοῖς
1081 1506 1264 1576 δεδοικόσιν

211 1615 295 1684 οὕτω
318 1614 414 1686 κενάν
437 1616 548 1710 φόβον
562 1623 618 1705 agot
633 1617 823 1705 πλάσματα,
846 1619 889 1698 ὡς
903 1622 1020 1712 κομιδῇ
1035 1623 1150 1688 παισὶν
1164 1616 1264 1700 ἀνοή-

157 1739 191 1791 12
211 1754 299 1813 τοις,
321 1735 430 1797 καίτοι
452 1733 509 1797 καὶ
533 1726 719 1820 Χαιρήμων
741 1730 760 1798 ὁ
783 1727 1063 1821 ἱερογραμματεύς
1076 1727 1264 1822 ἀναγράφει

209 1845 315 1908 ταῦτα
336 1841 380 1920 ὡς
401 1845 457 1908 καὶ
479 1840 558 1930 παρ’
577 1844 773 1926 Αέγνπτίοις
793 1840 1037 1930 θρυλλούμενα.
1078 1847 1134 1910 καί
1156 1839 1264 1910 ταῡτά

209 1974 314 2043 φασιν
336 1951 419 2019 εἶναι
441 1958 497 2020 καί
518 1953 562 2019 τά
583 1957 722 2021 τοιαῦτα
742 1955 995 2041 βιαστικιύτατα.

279 2182 305 2234 2.
331 2176 479 2238 τεθνεῶτος
497 2179 594 2232 Tbeod.
666 2182 691 2233 3.
719 2174 871 2250 ἀνθρύπιιν
888 2180 982 2232 Ευιελ).
1055 2180 1081 2231 4.
1108 2193 1164 2231 ante
1182 2183 1262 2248 ἐκφο-

278 2270 331 2332 βεῖν
350 2263 414 2316 Gale
430 2266 486 2317 add.
506 2268 557 2318 καὶ.
568 2259 581 2335 ΙΙ
594 2271 684 2334 φοβεῖν
703 2265 800 2316 Theod.
872 2263 897 2317 7.
922 2261 1036 2332 Ἀβύδῳ]
1056 2259 1144 2332 ἀδύτῳ
1163 2264 1261 2317 Theod.

278 2353 304 2403 9.
331 2341 398 2417 alde]
419 2341 473 2404 cide
492 2351 588 2404 Theod.
666 2353 707 2404 11.
735 2349 849 2419 πλάσμα
867 2350 963 2403 Theod.
1045 2353 1141 2403 11.12.
1168 2352 1262 2412 παῖδας

277 2432 388 2506 ἀνόητοι
405 2438 497 2490 Euseb.
570 2440 612 2492 12.
638 2439 735 2510 γράφει
753 2438 849 2489 Theod.
923 2438 963 2490 1³.
992 2435 1081 2490 ταῦτα
1098 2457 1148 2490 om.
1162 2437 1261 2491 Theod.

289 2517 302 2592 ΙΙ
315 2521 485 2595 θρυλούμενα
504 2524 601 2577 Theod.
674 2525 770 2578 13.14.
798 2527 843 2578 καί
861 2521 950 2577 ταῦτα
962 2524 1131 2594 φησίιιαέτά
1144 2525 1261 2577 τοιαῦτα

277 2600 345 2663 εἶναι
361 2608 562 2679 βιαστικύτατοι
580 2610 676 2663 Theod.

206 2751 311 2806 noma:
347 2749 425 2818 §.an
451 2751 545 2804 πων.
563 2752 589 2814 ο,
608 2754 634 2804 ο.

205 3033 273 3069 mam
295 3024 464 3090 peraguntur.
513 3015 638 3092 quodque
661 3018 780 3073 omnium
802 3015 1024 3073 absurdissimum
1047 3026 1101 3084 est,
1129 3035 1184 3072 non
1205 3017 1258 3071 iem
1275 3014 1315 3077 30

204 3097 305 3176 vulgari
323 3102 438 3177 cuipiam
456 3100 579 3159 daemoni
597 3112 643 3159 aut
660 3101 780 3161 defuncti
797 3105 908 3171 mimae,
926 3101 976 3158 sed
988 3104 1097 3179 ipsimet
1109 3100 1170 3170 soli,
1188 3100 1258 3157 side·
1319 3154 1322 3158 .

204 3206 263 3242 rum
280 3187 406 3265 principi,
427 3187 507 3245 lunae
524 3187 691 3265 reliquisque
712 3189 765 3245 diis
784 3188 945 3245 caelestibus
961 3186 1042 3244 homo
1061 3185 1172 3245 cuilibet
1190 3188 1257 3243 vitio

204 3273 335 3329 obnoxius
353 3275 438 3329 minas
456 3274 584 3343 intendit,
608 3285 688 3351 atquo
711 3287 742 3337 ut
764 3296 811 3332 eos
834 3274 869 3332 ad
889 3295 953 3332 vera
970 3273 1082 3330 dicenda
1105 3271 1257 3350 compellat,

203 3358 299 3416 lalsum
316 3380 466 3436 vanumque
483 3371 614 3418 terrorem
633 3362 758 3419 ostendit.
803 3381 865 3417 nam
883 3363 930 3437 qui
942 3360 1080 3418 denuntiat
1091 3363 1132 3416 uti
1142 3357 1188 3415 vel
1200 3379 1258 3416 cae·
1273 3358 1312 3420 31

204 3445 259 3502 lum
275 3449 366 3524 ipsum
383 3450 485 3523 quatiat
502 3447 547 3505 vel
564 3447 651 3507 lsidis
669 3469 764 3507 arcana
781 3446 923 3526 patefaciat
946 3446 991 3504 vel
1014 3446 1087 3525 quod
1104 3446 1195 3522 Abydi
1213 3466 1257 3503 oc-

204 3532 304 3611 cultum
320 3534 395 3601 latet,
418 3533 545 3612 dictuque
563 3534 638 3593 nefas
656 3547 711 3604 est,
736 3538 764 3591 in
781 3533 870 3591 lucem
886 3533 1005 3612 proferat
1021 3532 1066 3591 vel
1088 3535 1257 3612 aegyptiacae

93 3636 97 3645 ’
204 3622 280 3676 navis
297 3640 404 3678 cursum
420 3620 540 3678 inhibeat
556 3621 600 3679 vel
617 3625 647 3678 in
659 3620 801 3700 Typhonis
819 3622 929 3698 gratiam
942 3619 1061 3677 Osiridis
1072 3620 1191 3677 membra
1202 3618 1257 3676 dis·

96 3773 100 3779 ¹
203 3709 286 3775 iiciat,
305 3708 439 3784 quidnam,
458 3708 580 3777 obsecre,
598 3707 643 3766 vel
661 3709 714 3767 sibi
732 3727 863 3765 summum
874 3705 909 3762 ad
920 3715 1058 3784 stuporem
1073 3716 1153 3783 atquc
1164 3725 1256 3764 vocon-

203 3793 288 3862 diam,
306 3797 358 3851 ista
377 3814 445 3870 qnae
462 3815 550 3871 neque
566 3797 643 3853 novit
660 3814 748 3871 neque
765 3792 872 3850 efficere
889 3801 980 3870 potest
996 3792 1194 3861 comminando,
1211 3791 1256 3849 vel

201 3880 355 3938 numinibus
374 3901 442 3956 quae
459 3881 572 3938 fictitius
589 3883 643 3938 istc
661 3891 688 3937 et
706 3881 793 3937 inanis
810 3888 899 3936 terror
915 3878 1091 3936 leviculornm
1112 3881 1256 3957 pasionum

202 3987 277 4023 more
298 3966 443 4045 percellet,
466 3987 595 4025 summam
617 3966 652 4023 ad
673 3965 849 4023 bumilitatem
871 3965 968 4043 reliqui
988 3965 1068 4025 lecit?
1094 3963 1162 4022 baec
1183 3973 1256 4021 certe

202 4053 371 4110 Chaeremon
390 4075 467 4112 sacer
484 4055 574 4112 scriba
591 4063 715 4130 tanquam
733 4053 927 4132 Aegyptiorum
944 4054 1050 4133 pridem
1072 4054 1191 4108 omnium
1207 4069 1255 4107 oro

201 4143 299 4197 iactata
318 4150 518 4210 commemorat,
544 4151 571 4198 et
587 4141 654 4197 baec
672 4138 793 4216 quidem,
817 4142 856 4196 uti
880 4139 1000 4197 eiusdem
1021 4158 1128 4217 qnoque
1149 4139 1255 4214 generis

203 4225 331 4286 nonnulla
350 4227 410 4300 alia,
429 4228 463 4286 ad
481 4231 536 4287 vim
554 4227 606 4286 diis
625 4227 786 4286 afferendam
804 4229 990 4306 potentissima
1007 4246 1068 4284 esse
1085 4224 1217 4282 dictitant.
