2776 4876
168 347 204 400 4⁴
1148 348 1173 412 1,
1183 349 1217 401 u

170 501 315 569 ὲπικαλεῖ
335 527 369 568 τι
391 504 447 568 καί
469 499 680 580 ἀλεξικάκονς
694 504 749 567 καὶ
771 504 921 588 σωτῆρας
935 499 1079 581 τούτους,
1099 505 1156 568 καὶ
1171 501 1213 568 δι’

168 612 276 680 αὐτῶν
296 612 596 699 ἀποδιοπομπεῖται
616 617 730 680 πᾶσαν
751 615 909 679 ἐπιοῦσαν
930 608 997 679 ἀπὸ
1019 617 1084 678 τῶν
1097 616 1217 695 παθη-

166 721 280 811 μάτων
300 722 440 811 βλάβην.
481 729 513 791 οἱ
535 723 576 804 δὴ
599 720 659 802 τάς
679 720 808 807 πληγάς
828 721 1068 808 ἀποτρέποντες
1088 721 1149 802 τάς
1163 739 1253 810 raa

166 833 374 924 νεσιονργοάς
395 840 450 902 καί
473 831 614 926 φυσικάς
635 833 694 902 otu
716 838 804 901 toran
818 832 906 913 ὅπως
920 838 1000 903 ποτὰ
1019 831 1075 902 διά
1090 839 1218 904 παθῶν

166 942 268 1024 αὐτάς
290 945 510 1036 ἀπείργουσιν.
552 946 581 1013 εί
601 971 635 1013 τε
658 943 804 1030 νενόμικέ
827 971 875 1023 τις
896 944 956 1028 την
972 944 1147 1032 ἀπόληψιν.
1158 952 1218 1028 τῆς

165 1062 370 1145 προστασίας
392 1055 574 1142 ἐπεισάγειν
588 1054 661 1123 τινά
676 1056 866 1143 αὐτόματον
880 1055 1021 1143 βλάβην,
1044 1057 1063 1137 ἡ
1087 1056 1143 1127 διά
1157 1063 1218 1140 τῆς
1235 1079 1252 1130 6

165 1168 331 1248 eandoem
346 1166 460 1239 ,πειθώ
489 1171 556 1235 τῶν
582 1166 774 1256 κρειττόνων
796 1175 840 1247 τίς
867 1172 1067 1254 κηδεμονίαν
1095 1169 1218 1236 ἀνακα-

166 1284 306 1366 λουμένη
335 1279 437 1347 πάλιν,
465 1279 574 1346 αὐτῶν
603 1279 662 1361 τὴν
690 1279 857 1365 εὐμένειαν
891 1284 948 1348 καί
982 1279 1216 1367 ἀποτρέπουσιν

165 1389 226 1475 τὴν
248 1399 400 1482 στέρησιν
421 1394 587 1470 παντελῶς
608 1387 652 1457 ἀν
674 1392 723 1474 είη
745 1389 885 1478 καθαρά
907 1395 963 1459 καὶ
985 1388 1154 1484 ἄτρεπτος.
1234 1408 1252 1458 c

111 1519 146 1576 14
223 1564 225 1571 .
246 1501 318 1571 ’Ἔτι
339 1509 449 1573 τοίνυν
463 1509 500 1570 αἱ
515 1500 689 1588 λεγόμεναι
702 1506 795 1570 θεῶν
809 1501 953 1588 ἀνάγκαι
968 1501 1005 1571 τό
1022 1501 1102 1571 ὅλον
1117 1507 1216 1571 τοῦτο

165 1620 257 1685 θεῶν
276 1615 357 1682 ’ίδιαι
378 1612 521 1698 ἀνάγκαι
541 1618 597 1681 καὶ
620 1614 663 1692 ὡς
684 1617 737 1682 ἐπὶ
753 1617 844 1682 θεῶν
858 1619 1036 1700 γίγνονται.
1074 1614 1133 1682 οὐκ
1146 1611 1217 1704 ἀρα

165 1727 208 1804 ὡς
229 1727 355 1807 ίξοιθεν
378 1725 447 1793 ott
466 1725 509 1803 ὡς
531 1723 615 1791 κατά
636 1728 726 1809 βίαν,
755 1725 826 1792 ἀλλ’
846 1725 890 1803 ὡς
911 1724 1069 1812 τάγαθὸν
1097 1726 1217 1818 ὠφελεῖ
1235 1741 1272 1791 12

165 1839 206 1920 ἐξ,
220 1836 372 1923 ἀνάγκης,
395 1835 497 1916 οὕτως
519 1840 627 1925 ίχσυσι
648 1843 693 1922 τῷ
715 1835 822 1930 πάντη
844 1837 964 1905 οὑτωσὶ
985 1843 1041 1905 καί
1055 1842 1216 1925 μηδαμῶς

165 1945 271 2028 ἀλλοις
292 1952 492 2017 διακεῖσθαι.
530 1946 685 2032 βουλήσει
707 1944 775 2034 ἀρα
788 1947 985 2032 ἀγαθοειδεῑ
999 1956 1216 2036 συγκέκραται

164 2058 258 2147 αὕτη,
271 2065 326 2127 καί
349 2058 467 2148 ἔρωτός
489 2067 561 2128 ἐστι
582 2064 664 2150 plne
687 2058 865 2141 ἡτοιαύτη
888 2059 1032 2146 ἀνάγκη,
1061 2060 1152 2142 τάξει
1179 2087 1214 2128 τε
1235 2080 1270 2130 15

235 2249 258 2298 1.
286 2248 402 2300 ίπικαλεῑ
418 2245 459 2313 τε]
478 2230 638 2299 ἐπικαλεῖται
656 2243 735 2298 ACD.
810 2248 832 2297 1.
845 2248 868 2297 2.
898 2242 933 2298 δι’
945 2241 1041 2314 αιἰτιῖιν]
1055 2248 1099 2299 διὰ
1112 2249 1162 2300 τῶν
1181 2247 1214 2299 D.

174 2334 177 2338 ’
233 2338 258 2385 5.
285 2330 475 2403 ἀπείργουσιν]
503 2314 542 2383 εἰσΙ
560 2331 620 2393 AC,
652 2328 786 2403 ἀπείργειν
805 2332 840 2384 Ο.
866 2327 878 2401 ll
903 2329 1045 2402 ἀπόλειψιν
1074 2333 1138 2384 Gale
1161 2340 1214 2385 dot.

233 2421 258 2472 6.
286 2415 455 2488 αὐτόματον]
473 2416 615 2488 ἀσώματον
636 2418 694 2470 BD.
766 2421 791 2471 7.
818 2421 991 2488 κηὸαιμονίαν
1010 2419 1038 2471 C.
1110 2422 1135 2470 8.
1163 2417 1216 2472 αὖ-

232 2507 267 2571 τῷ
282 2508 311 2556 Α.
324 2499 336 2573 ΙΙ
349 2501 545 2576 ἀποπρέπουσα
564 2505 596 2557 0.
671 2507 764 2557 10.11.
788 2505 820 2557 τὰ
840 2503 1070 2574 ὅλοι-ἀνάγκαι
1087 2507 1173 2558 om.D
1191 2521 1216 2558 et

234 2592 305 2641 lraber
324 2591 350 2641 in
368 2612 444 2656 marg.
464 2593 509 2643 καὶ
528 2589 589 2644 ὅλον
607 2593 689 2644 τοῦτο
708 2591 779 2645 θεῶν
798 2595 862 2645 εἰσίν
881 2587 1004 2661 ἀνάγκαι.
1078 2596 1118 2646 12.
1141 2590 1215 2662 βίον]

230 2679 295 2746 μίαν
313 2677 347 2728 D.
368 2671 381 2746 ΙΙ
402 2672 493 2748 ἀφλλει
512 2678 544 2729 0.
646 2679 687 2730 13.
716 2676 765 2746 τῷ]
784 2679 815 2732 τὸ
836 2680 872 2744 τῷ
892 2679 975 2743 Α,τό
993 2679 1024 2730 B.

164 2838 308 2892 incurrere.
345 2839 403 2892 sive
430 2839 510 2912 igitur
532 2856 582 2914 per
599 2836 664 2893 deos
682 2839 740 2894 sive
757 2858 807 2915 per
829 2838 970 2895 daemones
993 2837 1145 2894 huiusmodi
1167 2840 1216 2895 liat

163 2922 294 2990 lustratio,
318 2942 365 2977 eos
384 2943 448 2978 sane
464 2933 598 2998 tamquam
616 2921 784 2980 auxiliatores
804 2934 831 2980 et
849 2924 977 2981 malornm
995 2934 1216 2981 averruncatores

164 3019 191 3069 et
207 3019 357 3065 servatores
375 3011 490 3076 invocat,
508 3019 536 3065 et
553 3029 601 3086 per
619 3029 666 3066 eos
683 3009 778 3087 procul
795 3010 898 3088 ablegat
915 3032 1022 3068 omnem
1040 3032 1108 3088 quae
1124 3033 1140 3066 a
1151 3032 1215 3088 pas·

164 3097 283 3153 sionibus
301 3096 390 3174 possit
408 3097 530 3171 ingruere
548 3116 653 3152 noxam.
689 3098 794 3152 interim
812 3101 858 3174 qui
875 3098 967 3176 plagas
990 3107 1168 3155 averruncant
1186 3101 1216 3155 in

163 3184 272 3258 genesin
291 3191 318 3237 et
335 3191 456 3239 naturam
473 3182 680 3260 propendentes,
704 3202 758 3239 non
776 3183 805 3239 id
822 3184 923 3242 faciunt
939 3206 988 3264 per
1004 3187 1146 3264 passiones
1163 3187 1217 3241 uti·

164 3289 223 3344 qne.
260 3270 284 3324 si
302 3271 363 3344 quis
385 3279 473 3326 autem
496 3271 630 3327 existimet
651 3271 737 3346 ipsam
760 3268 866 3327 divinae
887 3272 1073 3350 providentiae
1097 3293 1111 3326 a
1131 3271 1215 3327 nobis

162 3357 382 3433 interceptionem
400 3375 495 3412 noxam
513 3365 609 3433 sponte
626 3376 673 3412 sua
692 3355 802 3425 adferre,
821 3379 886 3414 sane
903 3359 1025 3415 lustratio
1043 3378 1111 3435 quae
1128 3357 1216 3414 flectit

163 3445 258 3498 iterum
275 3441 310 3497 ad
327 3445 413 3498 nostri
432 3463 521 3503 curam
539 3441 613 3509 deos,
633 3463 701 3518 qnae
719 3443 874 3500 reconciliat
892 3465 983 3501 eorum
1000 3443 1216 3503 benevolentiam

163 3539 190 3586 et
207 3530 383 3605 privationem
400 3527 474 3585 illam
491 3528 572 3596 tollit,
591 3531 698 3586 omnino
716 3531 776 3606 ipsa
793 3551 859 3607 pura
871 3541 951 3608 atque
963 3531 1135 3589 immutabilis
1153 3552 1215 3588 cen-

163 3616 217 3673 seri
235 3615 323 3670 debet.

108 3709 144 3767 14
234 3700 315 3775 Quod
332 3712 420 3758 autern
437 3712 541 3780 spectat
559 3702 592 3758 ad
611 3695 784 3758 necessitates
804 3723 869 3778 quas
888 3705 963 3761 aiunt
974 3702 1092 3771 deorum,
1112 3724 1214 3760 summa

163 3797 217 3844 est:
235 3791 409 3845 necessitates
427 3799 490 3845 sunt
508 3788 649 3846 admodum
666 3790 792 3867 propriae
803 3787 863 3857 diis,
883 3800 910 3846 et
921 3790 989 3845 fiunt
1001 3792 1038 3853 ita
1054 3793 1093 3846 uti
1106 3790 1215 3868 dignum

163 3884 205 3931 est
223 3873 283 3931 diis.
320 3895 401 3951 quare
418 3895 468 3931 nec
487 3875 519 3930 ab
538 3887 612 3932 extra
636 3895 687 3932 nec
708 3884 840 3951 tamquam
862 3878 986 3954 pervim
1009 3879 1214 3944 necessitantur,

162 3960 211 4017 sed
229 3972 259 4017 nt
275 3961 375 4018 bonurn
392 3959 503 4038 prodest
522 3981 554 4016 ex
571 3964 743 4029 necessitate,
766 3964 806 4018 sic
825 3983 855 4019 se
874 3964 971 4019 habent
989 3981 1109 4039 semper,
1134 3971 1215 4038 atque

163 4049 198 4102 ita
216 4057 247 4103 ut
265 4069 314 4103 nec
333 4045 387 4102 alio
406 4045 485 4101 modo
505 4045 588 4102 velint
612 4069 642 4105 se
659 4047 764 4105 habere.
803 4049 867 4107 haec
891 4070 954 4126 ergo
978 4051 1125 4105 necessitas
1139 4068 1215 4115 com·

163 4135 272 4209 ponitur
290 4153 323 4189 ex
341 4132 478 4189 voluntate
500 4132 534 4187 ad
556 4132 654 4190 bonum
672 4145 822 4212 spectante,
846 4147 873 4193 et
890 4136 1043 4193 dilectionis
1067 4136 1140 4192 socia
1163 4144 1214 4202 est,

164 4227 192 4272 et
208 4240 257 4295 per
275 4220 395 4277 ordinem
413 4219 466 4277 diis
485 4239 630 4294 congruum
647 4220 812 4279 identitatem
831 4232 858 4279 et
873 4221 1114 4281 immutabilitatem
1127 4222 1214 4291 habet,
