2776 4876
212 361 266 426 ι,ι
1230 363 1264 417 rs

210 526 286 594 ταῖς
306 514 449 594 οὐσίαις·
481 514 634 597 σύνταξις
654 514 718 602 γάρ
741 541 790 594 τις
811 515 919 583 αὐτῶν
940 521 1141 598 συνίσταται,
1168 519 1262 585 ἀνοι-

210 623 339 708 κειότης
358 651 394 694 τε
416 624 539 712 μεταξὺ
551 632 769 716 παρεμπίπτει
783 631 839 694 καὶ
853 624 1039 707 διάστασις·
1075 634 1128 696 ἐπὶ
1143 632 1178 696 δὲ
1196 632 1262 696 τῶν

174 752 192 804 3
210 735 406 826 κρειττόνων
419 736 531 807 πάντα
545 746 581 807 ἐν
594 742 643 825 τῷ
656 738 739 806 εἶναι
753 748 885 818 νοεῖται,
899 744 956 806 soi
969 739 1013 807 τό
1026 738 1090 807 ὅλοι
1101 766 1262 828 προηγου

209 855 316 936 μίνιος
336 847 489 940 ὑπάρχει,
510 849 657 938 χωριστά
679 876 713 918 τι
736 854 805 918 ἐστὶ
827 850 911 917 καθ’
930 848 1016 920 αὐτοὶ
1037 856 1094 918 καὶ
1116 852 1175 920 οὐκ
1196 852 1257 943 εἶφ’

210 966 330 1050 triow
351 957 374 1044 ἢ
395 968 431 1030 iv
453 959 566 1041 ἄλλοις
587 966 705 1048 ἔχοντα
724 959 787 1046 τὴν
808 961 999 1030 ὑπόστασιν.
1045 961 1090 1042 ός
1109 989 1144 1032 τε
1166 964 1263 1032 οὐδέν

175 1079 301 1145 tinus
320 1071 372 1140 ὄπ’
390 1071 499 1142 αὐτῶν
521 1071 765 1162 παρεπόμενον,
792 1073 853 1142 σιἰι
874 1065 935 1142 οὖν
956 1073 1026 1142 οὐδ’
1047 1071 1114 1143 ἀπό
1139 1074 1264 1144 τούτων

207 1186 482 1274 χαρακτηρίζεται
503 1183 613 1253 αὐτόν
635 1184 657 1266 ἡ
679 1183 811 1268 ἰδιότης.
1245 1243 1248 1247 ,

298 1299 370 1367 Kat
393 1299 442 1364 δεῖ
463 1300 516 1364 ἐπὶ
537 1301 583 1383 τῷ
604 1300 688 1364 τέλει
708 1301 767 1378 τῆς
789 1295 975 1387 ίροιτήσιιος
996 1303 1176 1390 συμφέρειν
1199 1296 1261 1382 τὴν

174 1404 297 1476 θνατοί
325 1407 426 1499 φύσιν
457 1406 636 1496 διάκρισιν·
668 1404 708 1475 τό
741 1413 802 1495 μίν
835 1406 901 1499 γὰρ
933 1407 1085 1496 ἐρώτημα
1112 1413 1262 1494 ἐπιζητεῖ,

208 1524 279 1600 πῶς
299 1532 375 1600 ταῖς
396 1524 573 1608 ἐνεργείαις
592 1525 650 1588 καί
671 1529 745 1598 ταῖς
766 1531 920 1612 φυσικαῖς
941 1518 1087 1603 κινήσεσι
1114 1517 1171 1589 καί
1192 1531 1263 1602 τοῖς

209 1640 450 1721 παριπομίνοις
470 1637 506 1700 αί
528 1630 639 1699 οὐσίαι
660 1632 882 1720 γνωρίζονται
916 1630 955 1700 τό
978 1636 1013 1700 δὲ
1033 1638 1103 1700 πᾶν
1123 1633 1263 1702 τούναν-

156 1753 191 1804 12
209 1746 284 1810 τίον
304 1742 459 1833 ἐ’νπόρχιι·
487 1751 515 1810 εί
536 1748 596 1829 μὲν
618 1739 684 1830 γὰρ
706 1734 794 1825 ἦσαν
816 1749 853 1810 ui
874 1751 1030 1833 ἐνέργειαι
1051 1749 1108 1813 καὶ
1122 1743 1262 1828 κινήσεις

208 1853 426 1922 ὑποστατικαὶ
448 1859 512 1923 τῶν
535 1853 662 1935 οὐσιῶν,
685 1853 861 1923 αὐτοίκαὶ
883 1859 942 1936 τῆς
956 1855 1199 1949 διαφορότητος
1220 1853 1263 1924 ἂν

207 1965 319 2033 αὐτῶν
340 1957 428 2047 ἦσαν
449 1965 565 2055 κύριαι,
588 1971 616 2031 ai
630 1964 660 2032 δ’
676 1971 712 2033 at
733 1965 845 2035 οὐσίαι
865 1972 1003 2054 γεννῶσι
1017 1965 1078 2047 τοὶς
1091 1972 1262 2057 ίνεργιίας,

156 2094 190 2143 15
208 2075 310 2143 αὐταὶ
330 2075 492 2165 πρότερον
513 2069 612 2145 οὖσαι
629 2082 790 2166 χωρισταὶ
811 2085 989 2167 παρέχουσι
1010 2083 1067 2147 καὶ
1081 2091 1156 2157 ταῖς
1171 2077 1262 2161 κινή-

208 2209 282 2256 σεσι
303 2192 361 2255 καὶ
381 2192 557 2277 ἐνεργείαις
577 2192 633 2256 καὶ
655 2200 726 2269 τοῖς
739 2197 979 2278 παρεπομένοις
992 2187 1031 2260 τό
1047 2193 1261 2259 διίστασθαι·

243 2503 253 2527 s
279 2443 304 2493 1.
317 2444 344 2494 2.
370 2437 547 2511 όνοιιιειότης]
570 2439 764 2512 όνοιιιιιότητος
784 2443 816 2506 Β,
842 2448 991 2506 ἐναντίωσις
1010 2445 1038 2507 C,
1068 2447 1212 2503 hassinone
1231 2445 1261 2496 Α.

280 2531 305 2583 3.
333 2527 394 2596 ὅλα]
414 2526 483 2582 ἄλλα
502 2528 556 2582 AC.
628 2532 652 2583 7.
679 2529 765 2599 ἡοτο.
785 2535 815 2584 Α.
888 2533 913 2585 8.
940 2529 991 2598 δεῖ]
1009 2531 1044 2583 sic
1064 2534 1095 2592 A,
1114 2531 1145 2600 δὴ
1164 2533 1208 2582 καὶ
1227 2530 1261 2582 Ο.

288 2610 303 2683 ΙΙ
321 2631 377 2685 post
394 2618 437 2670 δεΐ
453 2620 475 2667 Α
494 2618 550 2668 add.
568 2614 604 2686 τῷ
626 2611 638 2686 ΙΙ
658 2617 809 2688 συμφέρειν]
827 2618 862 2671 sic
875 2620 907 2680 A,
924 2623 1050 2689 συμφέρει
1067 2618 1100 2680 0,
1123 2619 1262 2687 συνεισφέ-

280 2721 320 2773 ρει
336 2722 412 2768 ωετχ.
431 2703 463 2765 Β,
490 2701 623 2774 συμφόρει
640 2703 672 2754 D.
770 2705 812 2758 11.
841 2703 980 2774 δ11δῆΑ.
1074 2707 1116 2757 12.
1144 2706 1189 2755 καὶ
1206 2718 1261 2754 ante

279 2790 391 2857 κινήσεις
417 2808 468 2840 orn.
497 2788 600 2841 ABCD.
708 2791 750 2844 1³.
778 2788 860 2844 αὗταί
882 2790 911 2842 B.
933 2784 946 2859 ΙΙ
971 2786 1185 2862 ιἰδιαφορότηεοι
1208 2788 1260 2841 AC.

280 2874 322 2926 11.
350 2865 429 2942 ἦσαν]
448 2871 565 2950 ιῖπῆρχον
584 2874 638 2928 AC.
659 2869 672 2943 ΙΙ
693 2870 719 2929 δ’
733 2874 774 2943 nt]
792 2879 820 2931 tt
837 2879 872 2929 D.
929 2880 971 2931 15.
989 2875 1072 2931 αὗταί
1084 2877 1115 2941 Β,
1133 2875 1212 2930 αὗται
1231 2876 1259 2927 (2.

209 3110 337 3187 quaedam
355 3112 425 3166 inter
443 3131 473 3167 ea
491 3113 665 3189 compositio,
688 3112 737 3168 sed
759 3123 787 3168 et
803 3113 996 3171 insociabilitns
1016 3113 1159 3170 intersedit
1176 3122 1204 3168 et
1221 3111 1261 3168 ‹ti-

196 3199 313 3254 ’stantia
341 3198 392 3252 iam
414 3216 480 3253 vero
503 3197 653 3256 divinorum
676 3209 733 3254 tota
757 3202 825 3256 ratio
842 3202 871 3256 in
889 3201 1005 3258 essentia
1028 3208 1180 3277 spectatur,
1203 3208 1260 3273 tota

208 3287 327 3340 existunt
343 3283 424 3340 modo
441 3284 553 3339 maxime
569 3284 726 3364 principali,
749 3296 904 3363 separantur
920 3306 1003 3365 penes
1025 3306 1055 3342 se
1079 3287 1139 3362 ipsu
1155 3303 1210 3340 non
1227 3305 1261 3340 ex

208 3380 332 3448 respectu
351 3369 385 3425 sd
403 3368 462 3435 aiis,
481 3389 530 3425 nee
548 3370 699 3428 subsistunt
715 3373 744 3426 in
762 3370 830 3428 aliis.
858 3375 948 3449 itaque
965 3372 1033 3428 nihil
1054 3373 1161 3427 omnino
1179 3372 1207 3426 in
1225 3372 1260 3425 iis

208 3454 373 3512 neeidentale
390 3457 507 3532 reperire
525 3466 574 3524 est,
592 3478 643 3514 nee
660 3461 750 3536 possit
760 3479 851 3516 eornm
863 3461 1036 3537 proprietatis
1048 3458 1186 3515 character
1197 3455 1260 3513 inde

208 3541 320 3598 uesnmi.

278 3628 335 3685 Sed
352 3637 460 3705 oportet
478 3629 506 3683 in
524 3627 578 3684 [ine
596 3632 761 3705 quaestionis
779 3630 882 3688 sdierre
899 3631 1011 3707 petitam
1029 3648 1043 3683 a
1062 3639 1153 3686 ustura
1165 3629 1261 3686 distin·

207 3716 339 3771 ationem:
361 3715 483 3791 quaestio
501 3716 571 3770 enirn
587 3718 665 3793 petit,
684 3717 781 3792 quibus
798 3715 1000 3794 operationibus
1023 3724 1050 3770 et
1066 3714 1188 3792 physicis
1206 3734 1262 3772 mo-

208 3801 280 3856 tibus
297 3810 326 3857 et
343 3799 525 3858 accidentibus
543 3802 650 3877 possint
672 3804 803 3859 essentiae
821 3802 954 3877 cognosci.
994 3809 1081 3858 toturn
1098 3812 1186 3858 antem
1207 3801 1261 3859 boe

207 3889 344 3943 eontrario
362 3885 440 3964 plane
457 3906 488 3942 se
505 3884 585 3942 bsbet
602 3886 690 3959 prodo.
719 3890 743 3944 si
761 3889 834 3943 enim·
849 3889 1019 3964 operationes
1031 3897 1058 3944 et
1070 3899 1159 3945 motus
1171 3908 1261 3945 essen·

207 3974 259 4029 tias
278 3975 480 4042 eonstituerent,
497 3975 591 4048 utique
608 3976 683 4051 ipsae
694 3974 876 4030 distinotionis
888 3975 959 4030 inter
969 3994 1016 4031 eas
1027 3985 1150 4032 auctores
1161 3983 1259 4041 essent,

207 4061 233 4114 εἰ
249 4079 315 4116 vero
333 4062 465 4117 essentiae
482 4079 498 4116 e
516 4069 607 4115 eontra
625 4070 752 4136 generent
770 4062 940 4138 operationes
957 4062 1083 4138 aquibus
1094 4063 1173 4117 etiam
1185 4079 1260 4136 seps-

207 4147 286 4202 ratim
303 4149 484 4224 praeexistere
501 4147 616 4223 possint,
634 4164 699 4201 sane
716 4146 765 4202 bae
782 4147 913 4224 praebent
923 4157 979 4205 tum
992 4146 1191 4226 operationibus
1202 4153 1260 4200 turn

207 4231 326 4289 notibus
342 4242 400 4291 tnnu
415 4231 598 4292 arridentibus
617 4232 745 4310 quiequid
761 4234 799 4291 sit
815 4236 843 4291 in
861 4253 916 4312 qno
928 4237 1003 4312 ipsse
1015 4233 1150 4290 differunt
1177 4250 1259 4307 quare
