2776 4876
200 345 253 402 292
660 399 663 404 ,
1182 343 1253 409 1ο,ο

201 507 310 571 ἔπειτα
331 498 530 589 κατάρτνσιν
552 504 612 583 τῆς
634 503 784 579 διανοίας
812 509 857 580 είς
877 502 1055 587 μετουσίαν
1083 502 1140 566 καὶ
1162 502 1253 566 θίαν

201 621 261 684 τοῦ
282 614 422 700 ἀγαθοῦ
442 617 498 681 καὶ
519 617 584 680 τῶν
606 616 763 681 ἐναντίων
784 610 918 680 πάντων
939 608 1145 697 ἀπαλλαγήν,
1167 607 1251 697 μετά
1292 701 1296 709 1

201 730 235 796 δί
258 728 363 794 ταῦτα
385 720 468 813 πρὸς
490 719 567 803 τοὺς
587 730 654 794 τῶν
669 724 813 811 ἀγαθῶν
827 727 971 812 δοτῆρας
986 718 1090 802 θεοάς
1104 729 1228 789 ἕνωσιν.
1270 742 1286 791 3

162 839 183 899 6
274 833 437 904 ’Ἑπειδάν
460 838 494 902 δὲ
514 836 587 902 κατ’
606 839 695 907 ἰδίαν
716 848 790 915 ταῖς
810 840 943 924 μοίραις
957 838 1018 903 τοῦ
1031 829 1158 914 παντὸς
1175 858 1253 902 σνν-

200 949 271 1043 ἀψη
292 951 349 1016 καί
371 957 444 1025 ταῖς
466 945 654 1028 διηκούσαις
669 947 711 1016 δι’
727 947 835 1016 αὐτῶν
850 947 944 1026 ὅλαις
956 951 1071 1026 θείαις
1085 944 1253 1034 δννοίμεσι,

198 1060 273 1130 τότε
295 1063 341 1146 τῷ
363 1056 430 1144 ὅλῳ
452 1060 639 1147 δημιουργῷ
660 1056 721 1142 τῆν
742 1058 854 1151 ψυχὴν
876 1056 1036 1148 προσάγει
1063 1062 1119 1126 καὶ
1140 1081 1288 1149 παρα-6

199 1174 427 1250 κατατίθεται,
449 1173 505 1238 καὶ
527 1164 618 1250 tarda
639 1169 748 1254 πάσης
768 1169 849 1253 ὕλης
871 1168 976 1253 αὐτην
996 1183 1083 1238 ποιεῖ
1097 1169 1188 1258 μόνῳ
1204 1173 1252 1255 τῳ

200 1284 297 1369 ἀιδίῳ
318 1279 406 1368 λόγῳ
428 1288 673 1370 σννηνωμένην·
700 1281 773 1353 οἷον
795 1279 814 1350 ὃ
836 1286 920 1370 λέγω
941 1287 980 1372 τῆ
1003 1279 1172 1368 αὐτογόνῳ
1194 1286 1252 1349 καὶ

197 1401 238 1489 τῆ
260 1389 465 1479 αὐτοκινήτῳ
487 1396 542 1460 καὶ
564 1397 604 1485 τῇ
626 1391 785 1486 ἀνεχούσῃ
806 1392 916 1462 πάντα
938 1398 995 1461 καὶ
1017 1399 1056 1488 τῆ
1078 1398 1179 1482 νοερῆ
1194 1396 1252 1460 καὶ
1272 1412 1288 1461 9

197 1510 238 1599 τῇ
266 1509 501 1598 διακοσμητικῆ
529 1509 593 1572 τῶν
622 1503 709 1573 ὅλων
736 1508 793 1573 καὶ
820 1511 859 1597 τῆ
881 1500 964 1592 πρὸς
993 1504 1160 1589 ἀληθειαν
1189 1503 1253 1587 τὴν

197 1614 322 1700 νοητὴν
344 1615 530 1706 ἀναγωγικῆ
552 1620 608 1683 καὶ
629 1619 669 1709 τῆ
691 1615 935 1685 ἀποτελεῖται
957 1622 996 1709 τῇ
1018 1621 1168 1711 ποιητικῇ
1194 1625 1253 1686 καὶ

196 1739 271 1807 ταῖς
293 1724 409 1806 ἄλλαις
431 1730 678 1814 δημιονργικαῖς
700 1726 857 1816 δυνάμεσι
877 1732 938 1796 τοῦ
959 1733 1046 1796 θεοῦ
1069 1729 1141 1796 κατ’
1159 1732 1253 1799 ίδίαν
1272 1741 1305 1792 1²

199 1835 369 1918 σννάπτει,
399 1838 442 1915 ὡς
464 1846 500 1906 ὲν
522 1851 595 1917 ταῖς
617 1842 792 1924 ἐνεργείαις
814 1838 1000 1908 αὐτῶνκαὶ
1022 1853 1096 1920 ταῖς
1116 1842 1253 1924 νοήσεσι

198 1955 254 2018 καὶ
276 1962 349 2028 ταῖς
371 1952 617 2039 δημιονργικαῐς
639 1951 752 2028 τελέως
774 1954 939 2018 ἵστασθαι
962 1949 1023 2034 τῆν
1049 1951 1253 2043 θεονργικῆν

197 2060 317 2154 ψυχήν.
362 2065 418 2129 καὶ
446 2060 520 2129 τότε
549 2056 590 2142 δῆ
619 2067 655 2128 ὲν
683 2059 749 2148 ὅλῳ
778 2067 823 2147 τῳ
846 2065 1064 2152 δημιουργικῷ
1085 2070 1161 2151 θεῳ
1189 2063 1253 2147 τῆν
1271 2079 1304 2129 15

196 2170 307 2264 ψυχὴν
329 2177 493 2255 ἐντίθησι.
538 2176 594 2240 καὶ
615 2175 713 2241 τοῦτο
736 2178 829 2253 τέλος
850 2179 919 2242 ἐστὶ
940 2178 1000 2257 τῆς
1020 2176 1101 2267 παρ’
1120 2182 1251 2263 Αίγνπ-

197 2289 281 2365 τίοις
302 2289 466 2374 ἱερατικῆς
487 2283 670 2371 ἀναγωγῆς.

269 2451 295 2502 1.
321 2445 482 2520 κατάρτησιν
504 2447 538 2500 0.
628 2450 653 2500 2.
680 2445 787 2507 πάντας
812 2450 842 2500 Α.
933 2450 993 2502 bt·
1021 2448 1147 2522 σννάψη]
1166 2451 1251 2505 uvad-

267 2556 307 2602 γει
328 2535 362 2587 D.
461 2535 486 2586 7.
513 2531 549 2603 τῷ
568 2553 618 2586 om.
638 2533 668 2587 C.
767 2535 827 2586 67.
855 2539 1087 2607 προκατατίθεται
1114 2537 1146 2601 Β,
1164 2558 1251 2609 παρα·

267 2624 412 2674 sustuleras
429 2620 465 2670 D.
535 2620 561 2673 8.
588 2621 763 2690 σννενωμίνιμ
781 2619 815 2672 0.
893 2624 917 2674 9.
944 2621 978 2695 τῆ
997 2637 1053 2674 ante
1070 2618 1250 2692 αάτοιιινῆτῳ]

267 2706 303 2758 sic
320 2706 400 2767 acb,
426 2725 478 2757 oro.
496 2706 530 2759 0.
607 2708 649 2760 10.
676 2705 709 2777 τῆ
728 2703 811 2776 πρὸς]
828 2706 879 2775 τὴν
896 2707 962 2779 πρὸς
979 2709 1014 2760 Ι).
1032 2703 1044 2777 ΙΙ
1060 2706 1123 2776 τὴν]
1142 2707 1178 2760 sic
1195 2709 1250 2774 AC,

236 2808 238 2813 ·
268 2789 397 2861 αάτὴνΟ.
453 2792 495 2843 11.
513 2787 875 2867 ἀναγωγικῆ]ιίε(ἒε1ευοι.;
894 2789 1017 2868 ἀναγωγῇ
1029 2796 1063 2848 0.
1119 2795 1250 2866 13.1νερ-

266 2880 335 2944 γίαις
363 2876 397 2928 D.
427 2870 440 2944 ΙΙ
469 2891 525 2928 ante
551 2880 641 2937 τελέως
667 2877 784 2930 excidisse
810 2877 907 2931 uidetur
933 2879 1069 2952 δυνάμεσι.
1106 2881 1171 2934 Gale
1197 2897 1250 2936 not.

269 2963 312 3015 16.
342 2959 404 3030 τῆς]
432 2971 488 3023 τοῖς
507 2963 561 3027 AC,
587 2971 647 3023 ταῖς
665 2963 696 3015 Β.

198 3119 328 3178 corporea
344 3101 492 3177 puriorem,
515 3100 612 3157 deinde
628 3111 769 3178 praeparat
786 3104 900 3159 animam
920 3102 956 3159 ad
972 3107 1206 3183 participationem
1223 3119 1251 3164 et

197 3188 263 3244 boni
281 3184 533 3264 contemplationem
551 3187 684 3265 simulque
707 3188 741 3244 ad
763 3191 957 3246 contrariorum
978 3192 1163 3261 reiectionem,
1185 3201 1251 3270 post

196 3271 263 3329 baec
280 3272 316 3328 ad
333 3275 459 3329 unionem
476 3294 536 3330 cum
555 3274 607 3330 diis
625 3275 758 3331 bonorum
775 3277 892 3331 omnium
909 3274 1036 3333 lontibus.

159 3353 180 3413 6
267 3356 413 3434 Postquam
431 3369 519 3415 autem
536 3370 593 3416 tum
610 3361 702 3419 mnndi
719 3360 841 3439 partibus
859 3362 972 3439 siugulis
990 3374 1047 3420 tum
1059 3366 1138 3421 etiam
1149 3364 1250 3421 divinis

195 3445 377 3525 potestatibus
400 3466 450 3523 per
471 3457 563 3523 partes
586 3447 678 3504 mundi
701 3447 808 3504 diffusis
829 3450 942 3504 animam
964 3450 1159 3518 conciliaverit,
1183 3461 1250 3507 tunc

196 3534 308 3588 ammam
326 3531 419 3610 opifici
440 3531 585 3589 universali
602 3535 676 3590 sistit
698 3543 726 3589 et
743 3534 814 3611 apud
832 3555 893 3591 enm
910 3535 1034 3613 deponit,
1057 3536 1250 3614 liberatamque

197 3616 230 3673 ab
248 3620 321 3673 omni
336 3620 447 3674 materia
465 3639 525 3676 cum
543 3618 603 3675 solo
621 3629 730 3676 aeterno
748 3620 829 3676 verbo
841 3624 984 3678 connectit.
1028 3621 1135 3700 planius
1148 3623 1249 3680 dicam:

196 3701 318 3778 theurgia
336 3705 389 3781 ipsi
407 3704 451 3761 dei
467 3709 597 3783 potestati
614 3726 664 3785 per
681 3726 712 3762 se
730 3710 833 3783 genitae
849 3729 900 3785 per
917 3729 948 3764 se
965 3708 1066 3777 mobili,
1085 3712 1174 3766 omnia
1192 3731 1250 3767 sus·

196 3791 325 3856 tentanti,
348 3789 537 3861 intellectuali,
561 3795 649 3849 omnia
667 3795 818 3861 emananti,
842 3793 877 3849 ad
893 3797 1034 3852 veritatem
1054 3795 1251 3872 intelligibilem

196 3877 344 3942 revocanti,
360 3876 493 3953 perlectae
511 3891 539 3937 et
554 3881 714 3960 perficienti,
732 3881 963 3958 potestatibusque
980 3884 1078 3938 ceteris
1091 3883 1135 3939 dei
1147 3883 1250 3960 opifici·

196 3963 248 4020 bus
265 3959 395 4038 gradatim
411 3984 461 4039 pro
475 3967 603 4045 cuiusque
613 3967 823 4047 proprietatibus
834 3969 872 4026 ita
884 3977 1000 4047 coaptat,
1018 3978 1048 4024 ut
1059 3970 1088 4023 in
1099 3969 1250 4026 actionibus

196 4069 288 4106 earnm
299 4045 537 4127 intelligentiisqne
547 4053 728 4110 architecticis
738 4056 823 4111 anima
835 4056 920 4111 sacris
930 4057 1048 4132 peractis
1059 4054 1181 4133 perfecte
1189 4075 1249 4113 con·

196 4134 333 4201 dirmetum
350 4143 379 4192 et
395 4145 452 4191 tum
470 4134 576 4194 demum
592 4141 622 4195 in
639 4149 698 4196 toto
716 4138 852 4218 demiurgo
864 4141 916 4198 deo
928 4143 1042 4200 animam
1053 4140 1179 4199 collocat
1222 4151 1249 4197 et

197 4215 243 4275 bic
258 4221 322 4279 linia
339 4231 382 4278 est
398 4242 491 4281 sacrae
507 4222 579 4301 apud
597 4224 747 4303 Aegyptios
762 4247 902 4304 anagoges.
