2776 4876
207 352 261 407 246
1208 343 1264 408 dm

208 502 270 584 τήν
292 504 402 593 βάριν,
424 499 445 585 ἢ
468 499 511 570 τά
532 505 616 589 μέλη
637 503 697 569 τοῦ
716 499 877 589 Ὀσίριδος
895 497 1122 568 διασκεδάσειν
1136 501 1184 584 τῷ
1203 503 1267 566 Τυ-

210 622 296 710 φῶνι
317 613 339 694 ri
361 611 445 682 ἀλλο
466 640 499 681 τι
521 617 672 680 τοιοῦτον
686 611 811 678 ἀπειλεῖ
823 608 981 691 ποιήσειν.
1025 614 1124 677 τοῦτο
1139 606 1181 692 δὴ
1196 615 1269 677 πᾶν

209 726 248 794 τὸ
271 724 357 804 aldor
379 729 444 793 τῶν
466 721 573 809 λόγων
596 723 671 810 οὐχ,
701 723 744 800 ὡς
767 717 808 788 σύ
829 723 985 806 νομίζεις,
1013 716 1097 808 πρὸς
1125 717 1221 800 ἥλιον
1244 717 1302 802 rit

210 835 351 919 σελήνην
373 832 395 918 ή
417 861 492 902 τινα
514 839 580 902 τῶν
600 834 673 901 κατ’
690 829 834 923 οὐρανὸν
857 836 1129 900 επανυτείυουτοιι
1150 838 1183 900 οἱ
1205 829 1267 900 ἀυ-

209 951 344 1036 θρωποι
364 950 426 1030 (in
447 943 511 1034 γάρ
533 940 578 1012 ἀν
599 947 720 1031 συνέβη
743 940 910 1030 δεινότεροι
933 938 1044 1009 ἀτοποι
1066 935 1113 1010 ὧν
1135 939 1177 1020 σύ
1192 966 1269 1031 σχε-

208 1057 371 1141 τλιάζεις),
394 1057 466 1123 ἀλλ’
483 1054 564 1143 ὅπερ
579 1063 615 1122 ἐν
629 1067 699 1133 τοῖς
713 1058 907 1144 ἔμπροσθεν
922 1057 1041 1139 ἔλεγον,
1057 1058 1111 1120 ἐπί
1126 1080 1157 1121 τι
1171 1061 1270 1139 γένος
1287 1076 1304 1129 s

207 1167 382 1254 ’δυνάμεων
403 1175 439 1235 ὲν
460 1170 507 1251 τῶ
535 1164 648 1251 κόσμῳ
677 1168 838 1254 μεριστῶν
866 1161 1001 1254 ἀνριτου
1023 1161 1216 1249 ἀλόγιστον,
1248 1161 1268 1230 ὃ

211 1282 338 1366 δέχεται
365 1286 426 1364 μέν
455 1278 514 1345 ἀπ’
534 1274 637 1344 ἀλλον
665 1273 766 1362 λόγου
792 1280 849 1343 καὶ
878 1273 1066 1354 κατακούω,
1097 1279 1202 1362 οίκείρι
1233 1281 1269 1343 δὲ

211 1396 336 1458 συνέσει
359 1387 432 1456 οάτε
451 1393 573 1476 χρῆται
594 1384 669 1454 οὔτε
692 1382 730 1454 τὸ
753 1385 881 1467 ἀληθὲς
902 1391 959 1454 καὶ
979 1389 1104 1478 ψεῦδος
1126 1383 1148 1468 ἢ
1171 1390 1307 1455 δυνά-9

211 1498 272 1569 τὸν
293 1497 316 1583 ἢ
337 1500 504 1568 ἀδύνατον
525 1503 692 1585 διακρίνει.
736 1492 775 1564 τὸ
806 1500 841 1564 δὲ
863 1501 995 1565 τοιοῦτο
1024 1494 1165 1587 ἀθρόως
1186 1504 1269 1564 ἐποι-

212 1617 450 1697 νατεινομένωυ
479 1615 544 1677 τῶν
566 1609 708 1676 ἀπειλῶν
735 1619 935 1693 συγκινεῖται
962 1612 1016 1675 καί
1047 1606 1271 1690 ἐκπλήττεται,

212 1720 256 1798 ὡς
277 1717 320 1787 ἀν
349 1718 442 1807 οἶμαι
470 1717 615 1813 πεφυκὸς
643 1717 725 1786 οιύτό
753 1744 788 1786 τε
817 1716 966 1804 ἀμεσθαι
993 1730 1066 1797 ταῖς
1095 1717 1271 1811 ἐμφάσεσι,
1291 1733 1324 1784 12

212 1835 268 1898 καὶ
290 1827 337 1897 τά
359 1828 445 1898 ἀλλα
468 1841 677 1917 Ψυχυιγωμεῖυ
700 1826 755 1896 tut
778 1832 837 1910 τῆς
860 1828 1045 1915 ἐμπλήκτου
1059 1834 1116 1897 καὶ
1130 1830 1271 1900 ἀσταθ-

210 1938 317 2026 μήτου
338 1946 536 2032 φαντασίας.

173 2061 194 2120 6
295 2048 382 2139 Ἔχει
404 2056 439 2119 δὲ
462 2056 566 2119 ταῦτα
589 2055 644 2118 καὶ
667 2050 770 2119 ἀλλον
793 2057 944 2119 τοιοῦτον
958 2048 1070 2136 λόγου.
1108 2051 1322 2138 &denno-15

211 2161 271 2248 μὰς
294 2161 349 2229 διά
372 2160 434 2245 τήν
457 2160 597 2248 δύναμιν
626 2165 690 2231 τῶν
712 2160 908 2250 ἀπορρήτων
931 2161 1038 2229 οὐκέτι
1064 2163 1107 2239 ὡς
1129 2159 1270 2250 ἀνθρω-

213 2298 276 2351 πος
305 2272 375 2339 οὐδ)
403 2273 447 2351 ῶς
476 2273 674 2365 ἀνθρωπίνῃ
701 2276 790 2361 ψυχῇ
814 2271 982 2359 χρώμενος
1010 2272 1171 2340 ἐπιτάττει
1198 2284 1271 2350 τοῖς

211 2395 393 2471 κοσμικοῖς,
423 2383 497 2450 ἀλλ’
517 2383 559 2462 ὡς
587 2390 623 2450 ἐν
650 2387 691 2476 τῇ
719 2388 785 2449 τῶν
807 2386 900 2449 θεῶν
927 2381 1018 2463 τάξει
1045 2383 1272 2473 προῶπάρχωυ
1291 2402 1322 2453 18

283 2593 361 2644 1—2.
389 2592 426 2645 τά
443 2593 591 2662 μέλη-τῷ
611 2588 730 2660 Τυφῶνι]
756 2590 906 2662 Typhonem
925 2590 1007 2660 ipsum
1027 2589 1135 2643 Osiridis
1153 2593 1270 2643 membra

282 2677 406 2729 disiecisse
424 2693 525 2730 narrant
544 2677 689 2728 Plutarchus
707 2677 752 2739 (de
768 2677 793 2728 J.
813 2691 835 2727 et
855 2677 890 2755 Q.
910 2675 955 2743 18)
975 2690 999 2728 et
1017 2674 1141 2728 Eusebius
1161 2674 1212 2747 (pr.
1232 2698 1270 2729 ev.

282 2763 353 2824 2,1),
429 2765 453 2815 7.
477 2759 622 2834 μεριστῶν]
638 2761 764 2825 sisset),
782 2763 896 2834 μεριστῷ
909 2763 942 2815 0.
1016 2763 1058 2815 10.
1085 2763 1224 2832 decepisses
1238 2763 1269 2815 Β.

295 2840 307 2913 ΙΙ
319 2843 361 2911 δὲ]
381 2847 413 2914 δή
433 2849 489 2899 AD.
512 2842 524 2915 ΙΙ
545 2844 670 2913 τοιοῦτο]
689 2848 724 2899 sic
742 2852 774 2911 A,
796 2845 922 2902 τοιοῦτον
940 2847 973 2900 0.
1058 2850 1099 2900 15.
1127 2843 1215 2901 dom.
1236 2849 1270 2901 0.

211 3073 328 3130 membra
343 3072 471 3150 Typhoni
490 3073 645 3150 dispergere
663 3085 708 3131 aut
726 3075 814 3131 simile
826 3074 929 3150 aliquid
944 3073 1032 3131 facere
1050 3078 1174 3131 minatur,
1220 3076 1271 3132 sed

210 3157 364 3215 huiusmodi
382 3159 463 3215 verba
483 3179 546 3226 non,
566 3160 639 3235 quod
657 3170 686 3216 tu
704 3161 852 3227 arbitraris,
875 3159 1004 3216 adversus
1027 3161 1112 3217 solem
1132 3171 1160 3217 et
1177 3160 1269 3218 lunam

210 3254 255 3300 ant
277 3243 392 3320 aliquem
413 3244 495 3302 alium
518 3266 533 3301 e
556 3243 696 3301 caelitibus
719 3244 870 3302 iaculantur
892 3245 1015 3302 homines
1039 3250 1095 3316 (its
1117 3249 1189 3302 enim
1211 3266 1271 3323 gra·

209 3332 284 3387 viora
305 3350 383 3406 quam
401 3352 469 3419 quae
487 3342 516 3387 tn
533 3330 718 3409 perhorrescis
736 3334 876 3388 evenirent
893 3331 1030 3400 absurda),
1049 3333 1098 3388 sed
1110 3335 1178 3389 utin
1195 3336 1272 3411 prio·

209 3417 283 3475 ribus
303 3417 432 3485 diximus,
449 3399 587 3473 adversus
606 3416 772 3491 quoddam'
765 3438 793 3472 m
811 3415 911 3473 mundo
929 3415 1080 3474 divinorum
1102 3429 1271 3496 potestatum

209 3522 291 3579 genus
310 3502 487 3559 indiscretum
504 3501 743 3571 inconsideratum,
767 3503 841 3578 quod
858 3505 957 3581 accipit
977 3503 1085 3579 quidem
1103 3507 1137 3561 ab
1155 3505 1210 3563 alio
1229 3527 1271 3562 ra·

111 3598 120 3608 “
209 3590 310 3645 tionem
328 3599 356 3645 et
373 3589 549 3664 obtemperat,
572 3608 622 3665 per
640 3607 670 3644 sa
688 3597 776 3644 autam
794 3588 862 3644 nihil
879 3588 1018 3666 intelligit,
1042 3610 1092 3648 nec
1110 3613 1206 3650 verum
1222 3603 1272 3650 aut

129 3699 134 3711 ι
209 3671 304 3730 falsum
321 3673 453 3749 possibile
470 3684 516 3730 aut
533 3673 701 3751 impossibile
721 3674 860 3732 discernit
905 3675 958 3732 hoc
981 3678 1072 3753 itaque
1094 3696 1179 3755 genus
1198 3699 1272 3737 com·

209 3759 399 3815 minationibus
418 3758 561 3816 confertim
578 3762 683 3817 iactatis
701 3771 885 3817 commovetur
904 3772 931 3818 et
952 3761 1123 3840 percellitur,
1146 3773 1177 3820 ut
1195 3763 1272 3841 quod

182 3884 185 3906 ;
208 3852 241 3902 et
253 3844 342 3919 ipsum
359 3844 516 3902 naturaliter
538 3846 618 3903 dictis
642 3846 888 3903 vehementioribus
912 3851 1041 3924 agitetur,
1062 3859 1090 3905 et
1112 3850 1164 3906 alia
1187 3853 1271 3907 etiam

209 3929 289 3986 ducat
307 3928 446 4005 trahatque
464 3952 512 4008 per
530 3936 669 3989 attonitam
688 3943 715 3990 et
732 3932 886 3990 instabilem
904 3932 1079 4011 phantasiam.

171 4009 191 4065 6
277 4014 335 4072 Sed
353 4024 382 4070 et
400 4014 479 4070 sliam
496 4017 701 4094 explicationem
719 4020 785 4077 hacc
811 4018 916 4077 habent
964 4021 1092 4078 sacerdos
1109 4041 1159 4098 per
1174 4032 1274 4099 potes-

208 4111 290 4160 tatem
308 4100 493 4178 symbolorum
511 4122 681 4172 arcanorum,
704 4125 759 4161 non
777 4108 830 4163 iam
848 4116 981 4182 tamquam
1003 4105 1084 4164 homo
1107 4117 1136 4163 et
1152 4107 1273 4167 humana

207 4195 285 4245 utens
303 4191 397 4256 anima,
417 4187 558 4244 mundanis
576 4191 712 4266 imperitat
723 4194 862 4268 potentiis,
881 4193 930 4250 sed
943 4203 1078 4269 umquam
1090 4195 1193 4272 inipso
1206 4196 1274 4256 deo-
