2776 4876
208 357 256 398 tvl
461 337 511 394 Tb.
531 337 608 394 Galei
626 347 786 415 conspectus
805 340 888 394 totins
907 340 1007 415 operis.

278 502 303 555 6.
341 498 382 553 De
400 499 510 575 proprio
529 496 657 552 daemone
675 499 805 553 sententia
824 517 900 562 vera;
922 497 992 552 unde
1010 499 1108 564 veniat,
1133 499 1193 573 quis
1218 499 1263 564 sit,

209 594 274 671 quid
292 603 359 670 agat,
379 590 503 668 quamdiu
521 610 572 646 nos
591 601 673 667 regat.

279 693 303 744 7.
340 687 461 742 Daemon
485 687 611 763 proprius
635 705 703 741 uuus
726 686 850 761 idemque
872 706 965 741 omnes
988 696 1079 763 partes
1102 687 1189 741 nostri
1208 706 1266 742 cor·

207 784 281 861 poris
300 781 440 858 gubernat:
464 800 518 836 non
536 789 578 835 est
597 778 665 835 alius
684 782 788 836 animae
806 779 873 835 alius
893 782 1016 858 corporis
1034 790 1169 858 praestes;
1195 778 1264 835 alius

207 877 353 943 beneficus,
373 874 441 931 alius
459 875 604 931 maleficus.

278 974 303 1025 8.
340 969 402 1026 Non
421 980 463 1024 est
482 971 584 1024 animae
602 978 711 1024 nostrae
728 988 801 1046 pars,
820 979 884 1046 puta
902 989 986 1025 mens.

277 1068 303 1120 9.
339 1064 432 1140 Aliqui
451 1063 661 1141 supplicationes
673 1073 808 1138 tamquam
820 1063 854 1118 ad
870 1063 939 1120 duos
951 1067 1053 1140 genios,
1072 1063 1118 1120 alii
1130 1074 1264 1140 tamquam

207 1160 241 1215 ad
260 1158 351 1237 plures
365 1160 516 1214 instituunt.
564 1160 696 1214 communi
710 1158 822 1234 quadam
836 1178 915 1237 prece
928 1159 961 1214 ab
974 1158 1096 1214 omnibus
1109 1159 1264 1224 advocatur,

209 1258 334 1330 quoniam
354 1253 433 1320 deus,
457 1255 504 1328 qui
523 1252 646 1309 omuibus
665 1273 740 1308 suum
762 1255 903 1330 proprium
920 1256 1026 1330 genium
1049 1252 1173 1329 largitur,
1195 1272 1265 1308 unus

208 1358 256 1404 est.
302 1350 429 1426 proprius
448 1349 560 1404 daemon
579 1347 659 1403 docet
678 1347 811 1424 quomodo
830 1347 896 1403 velit
915 1349 1033 1405 invocari
1052 1358 1080 1404 ct
1098 1346 1158 1404 coli.

281 1447 321 1499 lo.
358 1442 401 1498 De
419 1443 634 1498 invocationibus
653 1445 752 1508 sacris,
778 1462 867 1498 earum
890 1443 1019 1519 dignitate
1043 1454 1071 1499 et
1092 1443 1262 1520 praestantia.

208 1539 329 1594 humanis
348 1557 402 1592 non
421 1558 481 1593 esse
499 1537 632 1593 metienda
651 1536 870 1614 supernaturalia.

645 1769 760 1825 Sectio
786 1774 825 1823 lo.

281 1921 305 1972 1.
341 1915 393 1972 Via
411 1917 448 1973 ad
463 1916 618 1974 felicitatem
637 1928 712 1973 extra
731 1914 887 1993 religionem
910 1914 982 1971 nulla
1006 1925 1055 1970 est.
1102 1913 1156 1969 soli
1178 1933 1265 1969 sacer·

209 2010 286 2067 dotes
299 2010 426 2088 Aegyptii
444 2011 497 2067 diis
516 2012 710 2088 cognoscendis
730 2021 756 2066 et
774 2012 827 2066 sibi
845 2012 913 2088 ipsis
925 2020 953 2064 et
964 2011 1070 2065 veritati
1082 2006 1247 2065 incumbunt.

279 2111 306 2161 2.
343 2105 505 2161 Sacerdotes
524 2126 579 2161 non
597 2109 746 2185 respiciunt
764 2105 798 2161 ad
816 2126 911 2160 vanam
929 2103 1041 2180 gloriam
1059 2106 1087 2158 iu
1106 2105 1190 2158 sacris
1203 2121 1266 2180 ope·

209 2201 365 2258 rationibus.
413 2198 516 2256 nullum
533 2200 689 2277 phantasiae
706 2200 828 2256 tribuunt
845 2199 943 2256 locum.
988 2196 1134 2255 calumniae
1145 2199 1173 2251 in
1185 2217 1266 2253 veros

208 2295 361 2352 sacerdotes
379 2314 433 2350 non
446 2295 545 2351 debent
561 2295 685 2362 derivari,
705 2294 778 2371 quod
796 2297 963 2372 reperiantur
981 2292 1064 2369 aliqui
1076 2294 1246 2369 impostores.

277 2393 303 2446 3.
340 2389 418 2446 Aliae
435 2400 506 2446 artes
525 2389 559 2445 ad
577 2389 663 2446 futura
682 2389 862 2468 praevidenda
881 2391 1045 2466 excogitatae
1061 2407 1115 2442 non
1128 2395 1191 2442 sunt
1203 2406 1266 2441 con·

208 2485 332 2542 serendae
350 2468 410 2540 cum
429 2485 519 2540 divina
538 2487 658 2541 mantice.

279 2585 303 2636 4.
340 2580 438 2635 Divina
457 2581 571 2635 mantice
588 2578 670 2634 multa
688 2580 768 2636 nobis
785 2579 855 2634 bona
874 2581 951 2656 parit.
994 2577 1032 2633 dii
1051 2599 1084 2634 ex
1101 2599 1152 2634 usu
1170 2589 1264 2634 nostro

209 2696 267 2731 eam
285 2675 422 2730 animabus
440 2675 542 2729 nostris
561 2672 605 2727 vel
623 2675 745 2729 inserunt
762 2672 806 2728 vel
826 2693 888 2730 non.

280 2775 305 2823 5.
341 2768 428 2823 Homo
448 2790 462 2822 a
481 2767 524 2823 dei
542 2769 646 2823 visione
664 2766 756 2844 lapsus
780 2770 808 2822 in
830 2770 913 2823 vitam
936 2768 1076 2824 mortalem
1098 2772 1136 2824 ita
1158 2769 1266 2825 demum

209 2862 273 2919 felix
291 2865 352 2927 erit,
372 2864 396 2917 si
415 2862 448 2917 ad
466 2865 583 2940 priorem
602 2872 700 2918 statum
717 2864 807 2939 possit
825 2865 939 2918 restitui.
985 2863 1016 2918 fit
1034 2863 1086 2918 boc
1103 2884 1152 2940 per
1165 2863 1209 2919 dei
1222 2884 1266 2920 co-

208 2959 369 3033 gnitionem
389 2955 475 3032 qualis
494 2954 541 3010 illa
559 2957 596 3011 sit
613 2976 677 3034 prae
696 2978 725 3012 ea
746 2978 813 3033 qaae
832 2968 873 3012 est
891 2956 970 3013 buius
989 2960 1067 3013 vitae.

280 3054 305 3107 6.
343 3048 477 3126 Tbeurgia
496 3052 609 3105 animam
630 3061 707 3126 parat
730 3062 757 3107 et
780 3055 911 3108 assuescit
933 3052 968 3108 ad
991 3053 1107 3109 divinam
1130 3054 1263 3107 unionem.

208 3147 305 3224 modus
324 3167 372 3224 per
390 3165 459 3222 quos
478 3145 511 3200 ad
530 3145 695 3220 demiurgum
713 3155 740 3200 et
758 3156 894 3202 aeternum
912 3154 989 3218 loyor
1008 3147 1124 3203 adducit.

280 3246 303 3297 7.
341 3241 469 3318 Aegyptii
482 3249 603 3295 statuunt
614 3241 714 3295 bouum
726 3239 798 3296 aliud
811 3236 943 3309 divinum‚'
958 3242 1063 3299 scilicet
1076 3241 1154 3297 deum
1166 3243 1265 3317 ipsum,

208 3337 281 3393 aliud
299 3337 449 3403 humanum,
468 3356 529 3391 cum
547 3334 598 3390 deo
617 3337 749 3391 unionem.
785 3336 871 3411 Bitys.
909 3337 1013 3413 theurgi
1026 3340 1096 3393 circa
1108 3334 1173 3391 baec
1186 3337 1265 3390 unice

209 3442 381 3509 occupantur.
427 3451 477 3486 neo
496 3428 625 3486 credibile
643 3439 684 3484 est
704 3450 792 3486 errare
810 3451 856 3485 eos
875 3442 920 3486 aut
938 3429 994 3486 lalli
1013 3434 1040 3486 in
1060 3431 1265 3506 investigatione

208 3525 353 3583 felicitatis.

279 3625 305 3677 8.
341 3619 443 3676 Votum
454 3641 504 3698 pro
516 3623 629 3677 veritate
643 3631 670 3676 et
682 3619 799 3698 perfecta
813 3620 846 3676 de
859 3620 911 3677 diis
925 3624 1077 3698 cognitione
1089 3617 1264 3697 impetranda,

207 3712 344 3771 solicitatis
363 3727 390 3771 et
407 3719 538 3773 amicitiae
557 3717 698 3773 duraturae
716 3711 842 3771 lontibus.

937 3838 939 3843 “
980 3842 987 3869 Ι
