2776 4876
515 351 659 432 Porphyrii
677 352 800 432 epistub.
1081 369 1183 413 mm

128 513 238 577 καλῶν
259 507 386 590 σκότος,
416 514 490 602 φῶς
511 515 546 580 δέ
568 509 608 580 τὸ
629 517 689 597 τῆς
710 510 872 598 γνώσεως,
902 518 959 581 καὶ
981 511 1021 581 τὰ
1042 519 1103 600 μέν
1124 521 1182 601 ἐμ-

127 625 253 704 πλῆσαι
274 621 409 690 πάντων
430 627 541 692 κακῶν
561 620 641 704 τούς
657 622 860 712 ἀνθρώπους
881 623 924 690 δι’
944 623 1102 711 ἀμαθίαν
1124 630 1182 694 καὶ

93 747 109 799 t
128 732 266 820 τόλμαν,
288 733 328 802 τὸ
350 735 379 802 δ’
399 735 507 804 αέτιον
527 732 662 802 πάντων
684 734 829 821 ἀγαθῶν
850 735 942 803 εἶναι.
1144 800 1147 807 .

227 851 268 912 Τί
289 843 330 913 τὸ
357 846 553 933 γιγνόμενόν
581 854 670 915 ἐστιν
696 855 731 915 ἐν
753 850 793 940 τῇ
815 850 875 914 τοῦ
901 850 1079 934 μέλλοντος
1099 852 1238 937 noo-12

127 955 260 1042 γνῶστι;
289 957 333 1037 ὡς
354 958 577 1039 καθεύδοντος
598 958 640 1026 δι’
661 957 797 1044 ὀνείρων
825 971 895 1038 τοῖς
917 964 1072 1046 μέλλουσι
1099 964 1182 1029 πολ-

93 1067 222 1148 otum
242 1068 470 1157 ἐπιβάλλομεν,
497 1071 556 1140 οὐκ
577 1078 614 1137 ἐν
635 1068 785 1138 ἐκστάσει
806 1075 867 1157 μέν
888 1071 1058 1158 γενόμενοι
1079 1076 1181 1141 πολυ·

127 1179 246 1268 κινήτῳ
269 1179 413 1270 (ἥσυχον
433 1181 498 1271 γὰρ
520 1193 626 1250 κεῖται
646 1181 685 1249 τὸ
708 1185 833 1269 σῶμα),
862 1182 976 1260 αὐτοῖς
1003 1189 1117 1272 μέντοι
1144 1210 1181 1269 γε

128 1291 172 1372 ὡς
190 1291 280 1383 ὕπαρ
303 1294 410 1362 οὐκέτι
430 1296 776 1384 παρακολουθοῦντος.

92 1418 109 1468 υ
213 1404 270 1484 Ὡς
292 1405 507 1492 ἐπιβάλλουσι
520 1410 577 1473 καὶ
592 1404 638 1471 δι’
654 1408 906 1493 ἐνθουσιασμοῦ
919 1412 976 1476 καὶ
990 1411 1181 1498 θιοφορίας
1200 1411 1238 1471 13

127 1520 245 1585 πολλοὶ
267 1520 314 1604 τῷ
334 1523 502 1603 μέλλοντι,
529 1515 743 1604 ἐγρηγορότες
762 1523 838 1603 μέυ,
869 1516 912 1596 ὡς
940 1525 1081 1606 ἐνεργεῖν
1103 1519 1177 1588 κατ’

128 1627 300 1711 αἴσθησιν,
323 1629 435 1709 αὐτοῖς
457 1632 493 1697 δέ
514 1626 615 1696 πάλιν
638 1627 680 1697 οὐ
698 1625 1089 1717 παρακολουθοῦντος,ιῆ
1110 1627 1182 1698 οὔτι

75 1750 109 1802 12
126 1765 164 1826 ys
185 1740 229 1818 ὡς
250 1739 412 1830 πρότερον
433 1744 768 1830 παρακολουθοῦντες
789 1746 929 1819 ἑαυτοῖς.

214 1852 272 1932 Ὡς
294 1858 360 1920 τῶν
381 1853 598 1942 ἐξισταμένων
620 1857 701 1920 ἐυιοί
722 1877 807 1932 τινες
828 1851 937 1921 αὐλῶν
963 1851 1137 1932 ἀκούοντες
1158 1849 1181 1936 ἢ
1199 1864 1237 1922 14

125 1959 305 2050 κυμβάλου
332 1959 598 2053 ἢτυμπάνονῆ
626 1988 717 2042 τινος
737 1967 855 2047 μέλους
882 1967 1110 2045 ἐνθουσιῶσιν,
1138 1963 1182 2044 ῶς

75 2090 109 2142 15
128 2081 160 2145 ολ
182 2074 494 2164 κορυβαντιζόμινοι
519 2080 577 2144 καὶ
605 2081 637 2142 ol
659 2078 705 2160 τῷ
726 2076 893 2162 Σαβαζίῳ
914 2075 1050 2164 κατόχοι
1070 2080 1126 2144 καὶ
1149 2082 1181 2145 ol

126 2189 346 2274 μητρίζουτις,
367 2193 401 2255 oi
423 2187 454 2255 δ’
471 2184 562 2278 ὕδωρ
582 2184 722 2268 πιόντος,
742 2184 901 2274 καθάπερ
916 2186 934 2254 ὁ
950 2196 986 2254 ἐν
1000 2191 1182 2279 Κολοφῶνι

127 2294 230 2385 ἱερεὺς
250 2303 312 2366 τοῦ
336 2301 493 2388 Κλαρίου,
517 2305 548 2366 οἱ
564 2301 598 2364 δὲ
614 2302 762 2383 στομίοις
775 2297 1065 2385 παρακαθήμενοι,
1087 2299 1131 2379 ὡς
1145 2305 1181 2368 at

198 2592 303 2646 Fontes:
349 2591 430 2660 §.lb
454 2591 593 2655 samita,
613 2594 626 2643 1
648 2605 671 2642 et
688 2593 713 2642 2.
891 2589 970 2657 913.
997 2590 1179 2654 λιτο1ι1.8,1.

198 2677 221 2746 ᾗ.
236 2677 278 2730 li.
304 2679 396 2730 Jambl.
417 2677 443 2742 3,
462 2679 488 2729 9.
508 2680 549 2729 11.
569 2679 601 2730 13
614 2679 690 2729 -15,

127 2947 262 3019 procreet,
281 2938 333 2996 boc
350 2939 458 3016 quibem
477 2959 511 2996 ex
527 2943 634 2997 inscitia
652 2951 681 2996 ct
697 2939 805 2998 audacia
823 2940 947 2998 omuibus
964 2939 1043 2998 mulis
1059 2939 1182 2999 homines

127 3026 227 3106 replet,
250 3026 425 3085 illudentem
446 3026 569 3084 omnibus
592 3028 684 3093 bonit3
707 3025 875 3105 cupiomibi
896 3048 911 3082 a
935 3037 963 3083 te
984 3029 1124 3084 veritatem
1147 3027 1181 3085 de

127 3113 171 3170 bis
188 3114 268 3170 tradi.

196 3200 235 3256 Et
250 3202 339 3279 primo
357 3200 466 3277 quidem
482 3201 592 3278 postulo
615 3199 681 3256 mibi
703 3200 831 3258 distincte
849 3199 977 3279 explicari
999 3197 1065 3274 quid
1086 3199 1135 3255 fiat
1151 3202 1181 3255 in
1199 3206 1237 3265 12

127 3285 209 3342 futuri
226 3289 450 3364 praecognitione.
494 3307 556 3342 nam
574 3288 645 3344 inter
661 3286 847 3344 dormiendum
863 3303 913 3366 per
930 3287 1033 3343 somnia
1051 3305 1132 3364 saepe
1143 3284 1181 3343 lu-

128 3383 248 3428 turorurn
266 3375 412 3450 cognitioni
430 3375 604 3442 incurrimus,
626 3372 679 3432 boe
698 3375 806 3450 quidem
824 3376 876 3430 etsi
894 3377 984 3431 evenit
1001 3375 1060 3429 sinc
1082 3375 1181 3430 ecstasi

128 3458 290 3516 tumultuose
309 3463 384 3531 (num
402 3480 501 3538 corpus
512 3470 635 3518 nostrum
647 3461 784 3538 quiescit),
802 3470 891 3516 tamen
903 3463 941 3516 ita
951 3481 1004 3516 nos
1015 3459 1081 3537 quid
1091 3479 1181 3517 rerum

128 3556 235 3621 geratur
251 3566 306 3602 non
323 3546 498 3624 intelligimus
516 3568 548 3604 ac
566 3566 627 3604 cum
643 3547 792 3625 vigilemus.

199 3630 276 3688 llulti
294 3641 383 3689 autem
400 3633 488 3690 future
504 3631 737 3711 praecognoscunt
752 3654 804 3712 per
815 3633 1025 3691 enthusiasmum
1036 3643 1064 3690 et
1075 3644 1184 3712 ruptum
1199 3633 1238 3696 13

129 3716 262 3788 divinum,
286 3729 366 3796 atque
384 3721 420 3776 its
437 3720 547 3796 quidem
568 3730 599 3777 ut
615 3720 727 3798 vigilent
750 3730 778 3776 ot
794 3729 940 3797 operentur
960 3739 1054 3776 eorum
1075 3738 1180 3789 sensus,

128 3805 182 3880 ipsi
200 3806 308 3862 interim
319 3808 362 3864 sui
373 3826 428 3863 non
440 3809 496 3862 sint
508 3816 655 3884 compotes,
673 3816 720 3862 aut
732 3806 828 3862 saltem
839 3824 893 3863 uon
905 3808 942 3862 ita
954 3805 1028 3863 clare
1037 3815 1068 3863 ut
1078 3810 1163 3886 prius.

197 3888 287 3948 Video
306 3894 441 3949 autcmin
459 3894 493 3948 iis
511 3893 645 3968 quibunt
665 3894 800 3962 ecstrtici,
823 3893 895 3970 quod
918 3892 964 3949 elii
986 3892 1135 3951 efficiantur
1156 3897 1181 3951 si
1201 3894 1237 3950 14

127 3976 262 4033 audierint
278 3978 358 4035 tibias
377 3989 422 4035 aut
439 3976 559 4055 cymbula
576 3989 623 4034 aut
633 3988 758 4058 tympana
771 3990 816 4037 aut
827 3988 930 4055 eertum
941 3980 1077 4058 quoddam
1088 3980 1181 4047 melos,

127 4062 202 4139 quod
220 4065 344 4123 accidere
360 4065 484 4121 ridemus
499 4067 535 4121 iis
554 4067 600 4141 qui
618 4066 845 4142 corybantisnrum
862 4070 1013 4146 patiuntur,
1035 4067 1085 4123 sed
1101 4077 1130 4123 et
1146 4068 1182 4123 iis

127 4153 175 4226 qui
194 4149 308 4208 Sabanis
326 4151 483 4208 obsidentur
501 4153 602 4228 quique
624 4151 735 4209 deorum
757 4156 835 4210 matri
857 4164 1009 4232 operantur.
1053 4151 1099 4208 ulii
1116 4173 1182 4210 vero

128 4235 158 4294 id
175 4240 314 4316 patiuntur
331 4240 356 4294 si
374 4258 468 4316 aquam
485 4238 611 4309 biberint,
629 4241 669 4296 uti
687 4242 777 4298 evenit
794 4239 928 4298 sacerdoti
945 4237 1082 4317 Apollinis
1095 4237 1181 4297 Clarii
