2776 4876
198 363 297 407 mlv
581 345 726 425 Porphyrii
744 345 865 425 epistola.

198 515 235 576 tv
248 511 388 599 Δέλφοις
402 507 629 588 θεσπίζουσαι,
651 512 685 574 οἱ
707 506 737 574 δ’
756 505 791 587 ἐξ
812 503 941 572 ὑδάτων
955 500 1175 592 ἀτμιζόμενοι,
1195 530 1254 572 κα-

197 618 311 706 θάπερ
334 625 370 685 αἱ
392 626 427 685 ὲν
448 620 655 705 Βραγχίδαις
674 615 884 708 προῳήτιδες,
906 621 939 682 oi
961 617 996 682 δὲ
1017 620 1069 682 ἐπὶ
1082 615 1252 707 χαρακτή-

197 757 265 820 ρων
288 728 431 811 στάντες,
461 730 504 808 ὡς
527 736 559 798 ot
581 727 802 819 πληρούμενοι
823 722 891 795 ἀπὸ
915 730 1109 812 εὶσκρίσεων.
1156 724 1287 796 άλλοι3

196 847 532 929 παρακολουθοῦντες
552 847 684 919 ἑαυτοῖς
705 837 790 907 κατά
812 837 854 906 τά
877 835 972 918 άλλα,
994 835 1079 904 κατὰ
1101 835 1140 906 τὸ
1164 865 1252 931 φαν-

197 950 354 1022 ταστικὸν
377 951 579 1035 θειάζουσιν,
601 957 634 1019 οἱ
656 955 716 1038 μίν
738 949 856 1029 σκότος
870 949 1028 1035 σάνεργον
1043 947 1204 1037 λαβόντες
1219 957 1252 1018 οἱ

199 1070 234 1134 δὲ
256 1063 455 1143 καταπάσας
476 1067 575 1131 τινῶν
597 1069 629 1131 οἱ
652 1062 682 1130 δ’
702 1060 829 1148 ἐπῳδάς
850 1067 907 1129 καὶ
929 1059 1115 1141 συστάσεις·
1139 1067 1197 1130 καὶ
1219 1067 1251 1130 οἱ
1270 1083 1286 1133 6

196 1182 256 1265 μὲν
279 1177 321 1245 δι’
342 1174 463 1255 ὕδατος
486 1173 716 1267 φαντάζονται
739 1180 771 1241 οἱ
789 1177 823 1240 δὲ
840 1181 875 1240 ἐν
891 1178 991 1260 τοίχῳ
1007 1180 1039 1240 οἱ
1054 1178 1088 1240 δὲ
1104 1180 1139 1239 ἐν
1153 1174 1252 1241 ὑπαί·

198 1294 276 1380 θρῳ
299 1288 372 1375 άέρι
404 1293 435 1355 οἱ
459 1287 487 1353 δ’
508 1295 544 1365 ὲν
566 1286 647 1371 ἡλίῳ
669 1279 692 1367 ἢ
714 1281 804 1370 ‹iliu›
826 1290 891 1352 τινὶ
912 1289 978 1351 τῶν
998 1284 1070 1352 κατ’
1091 1282 1250 1373 οὐρανόν·

197 1407 229 1469 οἱ
259 1404 293 1469 δὲ
320 1397 383 1484 ἤδη
411 1402 467 1465 καὶ
490 1396 546 1466 διά
572 1394 768 1482 σπλάγχνων
793 1401 848 1464 καὶ
878 1395 920 1462 δι’
947 1395 1098 1485 ὀρνίθων
1126 1401 1183 1463 καὶ
1204 1395 1247 1463 δι’
1270 1411 1286 1461 9

163 1498 169 1508 ⁸
196 1512 343 1602 ἀστέρων
364 1519 479 1597 τέχνην
500 1506 742 1591 συνεστήσαντο
765 1512 825 1589 τῆς
839 1506 953 1595 θήρας
967 1513 1027 1574 τοῦ
1041 1510 1227 1595 μέλλοντος.

141 1634 179 1695 lb
286 1627 381 1706 Ζητοί
397 1625 445 1700 τίς
461 1625 600 1688 ἐστικαὶ
616 1619 731 1698 ὁποῖος
747 1619 765 1685 ὁ
786 1623 846 1702 τῆς
867 1624 1026 1707 μαντικῆς
1048 1618 1185 1708 τρόποςς
1207 1618 1252 1698 ὡς

198 1742 230 1804 οἱ
251 1734 383 1821 μάντεις
412 1738 471 1819 μὲν
494 1731 614 1810 πάντες
642 1726 698 1798 διά
720 1734 812 1800 θεῶν
834 1725 857 1812 ἢ
887 1728 1054 1817 δαιμόνων
1083 1735 1168 1822 φασὶ
1190 1734 1253 1799 τοῦ
1269 1741 1302 1791 12

159 1874 165 1883 ·
196 1850 374 1934 μέλλοντος
395 1843 566 1933 τυγχάνειν
580 1846 639 1926 τῆς
652 1839 875 1931 προγνώσεως,
899 1842 975 1910 οὐδὲ
991 1839 1112 1911 οἷόντε
1129 1839 1250 1920 ἄλλους

197 1962 317 2027 antrat
340 1952 420 2025 αὐτὰ
444 1952 466 2038 ἢ
488 1952 593 2042 μόνον
614 1951 692 2034 τους
712 1957 778 2022 τῶν
800 1960 964 2040 ἐσομένων
984 1958 1129 2044 κυρίους·
1153 1957 1251 2041 διαμ-

197 2074 349 2161 φισβητεῖν
379 2061 439 2137 οὖν
462 2075 490 2134 εὶ
512 2064 594 2156 ἄχρι
612 2066 773 2135 τοσούτου
795 2064 974 2152 κατάγεται
1002 2073 1047 2145 εἰς
1067 2065 1249 2154 ὑπηρεσίαν
1268 2081 1301 2130 15

197 2179 389 2270 ἀνθρώπων
411 2177 451 2246 τὸ
466 2183 573 2259 θεῖον,
596 2178 639 2257 ὡς
660 2175 706 2265 μὴ
729 2178 837 2246 ὀκνεῖν
857 2203 950 2256 τινας
970 2182 1026 2245 καὶ
1042 2174 1250 2268 ἀλφιτομάν-

195 2319 260 2374 τεις
282 2292 379 2370 alvom

263 2567 369 2621 Fontes:
405 2564 482 2632 §.lin
508 2565 602 2616 Jambl.
620 2563 645 2625 3,
665 2566 708 2617 17.

194 2845 223 2899 in
242 2840 416 2919 Colophone,
434 2840 480 2897 alii
498 2843 522 2897 si
541 2841 574 2897 ad
593 2842 662 2896 antri
681 2860 727 2896 ora
745 2841 863 2910 sedeant,
882 2852 912 2898 ut
929 2851 1003 2897 vatcs
1021 2840 1183 2919 Delphicae,
1202 2841 1248 2898 alii

194 2939 282 2986 autem
299 2927 445 3004 vaporibus
463 2947 496 2983 ex
513 2947 581 3002 aqua
599 2927 804 2984 ascendentibus
828 2929 936 2997 suffusi,
959 2930 1039 2985 sicuti
1062 2926 1256 3006 prophetissae

193 3018 222 3073 in
239 3012 410 3081 Branchidis,
428 3011 550 3069 nonnulli
569 3013 766 3071 characteribus
785 3025 899 3083 utentes,
917 3025 948 3071 ut
964 3017 1044 3090 tiqui
1056 3017 1197 3093 spirituum
1210 3018 1248 3070 in·

193 3100 390 3159 sinuationibus
409 3099 553 3178 replentur.
600 3099 646 3155 alii
663 3121 745 3177 porro
765 3111 851 3157 cetera
875 3105 940 3157 satis
964 3105 1006 3157 sui
1029 3111 1167 3179 compotes
1189 3099 1256 3161 sola

192 3187 331 3267 phantasia
355 3186 446 3243 cuthei
467 3186 549 3253 fiunt,
576 3196 657 3262 atque
678 3207 713 3242 ex
735 3187 779 3243 his
802 3186 848 3243 alii
871 3189 1038 3245 tenebrarum
1064 3202 1117 3266 ope
1140 3187 1174 3244 ad
1195 3187 1247 3243 hoc

192 3285 315 3343 utuntur,
339 3272 385 3330 alii
403 3272 559 3352 potionibus
578 3272 750 3349 quibusdam,
774 3272 819 3329 alii
842 3284 930 3330 autem
948 3275 1109 3331 carminibus
1132 3285 1248 3331 etcum·

191 3361 387 3441 positionibus3
405 3369 468 3416 suut
485 3360 565 3414 ctiam
583 3360 630 3434 qui
647 3379 697 3436 per
709 3380 804 3435 aquam
815 3360 969 3438 phantasias
982 3382 1044 3418 suas
1056 3363 1181 3427 excitant,
1199 3359 1246 3416 alii

191 3470 241 3527 per
257 3451 402 3527 parietum,
426 3444 473 3502 alii
490 3447 519 3500 in
537 3449 600 3500 atre
618 3455 724 3521 aperto,
748 3445 793 3502 alii
811 3449 839 3502 in
857 3445 916 3503 sole
939 3457 984 3503 aut
1006 3447 1057 3503 sub
1080 3446 1169 3522 aliquo
1191 3445 1246 3502 alio

193 3555 337 3613 corporum
355 3532 523 3600 caelestium,
548 3533 602 3587 imo
622 3529 708 3588 adhuc
726 3532 772 3589 alii
794 3535 873 3589 etiam
890 3554 940 3611 per
962 3543 1021 3590 exta
1039 3553 1089 3611 per
1110 3553 1174 3589 aves
1196 3553 1247 3610 per

193 3630 264 3676 astra
282 3630 367 3675 artem
385 3619 517 3696 quandam
535 3620 720 3695 excogitavere
737 3618 772 3675 ad
789 3618 876 3676 lutura
893 3618 1082 3698 praevidenda.

137 3714 175 3774 15
263 3704 371 3778 Quaero
390 3726 471 3784 porro
490 3704 524 3760 ale
542 3704 623 3760 modo
641 3707 770 3772 vaticinii,
789 3709 849 3782 quis
867 3715 896 3762 et
913 3706 1000 3782 qualia
1019 3707 1072 3762 sit?
1095 3727 1160 3762 saue
1169 3715 1246 3765 vates

192 3810 285 3849 omnes
303 3789 436 3848 affirmant
453 3813 514 3848 sese
531 3790 680 3849 haturomm
697 3794 901 3870 praescientiam
918 3794 1027 3868 assequi
1049 3803 1095 3848 aut
1111 3812 1161 3870 per
1178 3792 1253 3871 deus.

191 3888 237 3936 aut
254 3897 303 3956 par
321 3876 463 3933 daemonas
482 3876 566 3944 solos,
590 3898 677 3955 neque
696 3879 812 3936 futurum
830 3899 913 3957 posse
930 3883 1122 3957 praecognosci
1140 3881 1193 3935 uisi
1211 3881 1245 3936 ab

191 3969 225 4023 iis
245 3965 291 4042 qui
308 3961 363 4018 id
355 3981 384 4018 m
401 3983 449 4019 sua
466 3960 564 4018 habent
580 3974 731 4039 potestate,
755 3976 786 4022 ut
803 3966 921 4022 dubitem
939 3968 1047 4032 merito,
1066 3986 1101 4021 an
1118 3965 1246 4023 diviuitas

191 4074 224 4110 eo
246 4069 333 4128 usquc
355 4047 390 4104 ad
411 4046 549 4104 hominum
569 4051 747 4108 ministerium
768 4054 857 4129 possit
877 4052 990 4118 deduci,
1012 4062 1042 4108 ut
1064 4070 1130 4175 per
1127 4052 1246 4111 farinam

192 4159 298 4216 quoque
315 4135 441 4192 vaticinia
459 4108 613 4190 habeantur.
983 4156 985 4161 ·

80 4504 214 4590 fl
