2776 4876
156 349 207 414 ss
1157 346 1211 400 283

248 496 478 584 Μνημονιόεις
500 503 612 567 τοίνυν
632 494 717 585 μετὰ
739 502 837 567 τοῦτο
860 503 916 566 καὶ
939 495 1040 581 ἄλλης
1054 525 1209 588 πραγμα-
1227 516 1247 574 9

156 615 245 690 τείας
266 615 341 698 περὶ
364 609 422 678 τὸν
445 611 529 677 ίδιον
552 614 705 698 δαίμονα,
733 614 792 691 τῆς
813 614 873 695 μὲν
896 609 940 687 ὡς
961 605 1044 697 πρός
1066 608 1124 676 δυο
1151 614 1211 693 τῆς

121 740 136 792 3
156 725 191 789 δέ
213 722 257 800 ὡς
278 717 362 809 πρὸς
374 734 461 810 τρεῖς
474 728 672 808 ποιουμένης
685 716 747 803 τὴν
760 723 956 808 θεραπείαν.
994 717 1079 802 αὕτη
1094 723 1114 786 δ
1119 719 1125 741 ’
1141 727 1210 788 tort

154 836 250 899 πᾶσα
266 836 522 921 διημαρτημένη.
568 829 606 900 τό
621 828 686 921 χοίρ
702 835 839 921 διαιρεῖν
855 827 943 898 ἀλλὰ
955 826 1002 917 μὴ
1019 838 1063 909 είς
1077 834 1113 898 ἓν
1127 830 1211 898 ἀνοί-

154 966 224 1028 χειν
246 938 288 1008 τοί
311 940 516 1034 ἐφεστηκότα
538 943 618 1030 ἡμῖν
640 943 730 1010 αίτια
753 941 877 1029 ψεῦδός
899 950 975 1022 ἐστι,
997 946 1053 1008 καὶ
1069 944 1210 1030 διαμαρ-

120 1077 136 1127 ο
156 1051 247 1120 τείνει
270 1058 329 1134 τῆς
352 1062 387 1120 έν
409 1058 511 1122 πᾶσιν
525 1054 769 1141 ιἐπικρατούσης
795 1052 947 1131 ένοίσεως.
991 1057 1048 1120 καὶ
1068 1052 1090 1133 ἡ
1119 1058 1210 1141 μερί-

156 1166 258 1245 ζουσα
282 1164 312 1230 δ’
333 1160 437 1230 αὐτόν
458 1171 503 1242 εὶς
525 1159 563 1231 τὸ
586 1169 682 1250 σῶμα
705 1164 787 1245 δόξα
809 1169 866 1230 καὶ
894 1160 955 1246 τὴν
977 1169 1036 1232 τοῦ
1059 1163 1211 1252 σώματος

155 1279 439 1362 προστασίαν,ἐλς
460 1279 560 1362 μέρος
581 1299 613 1339 τι
634 1271 673 1341 τό
698 1273 907 1363 βραχύτατον
929 1274 1033 1343 αὐτοῦ
1054 1279 1211 1342 καθέλκει

121 1383 219 1467 οτην
240 1386 431 1472 ἡγεμονίαν.
481 1382 561 1451 ὥστε
584 1390 616 1450 τί
639 1388 688 1451 δεῖ
709 1379 770 1464 τὰς
792 1392 948 1473 ἐχομένας
970 1389 1029 1467 τῆς
1055 1385 1211 1468 τοιαύτης

156 1495 255 1577 δόξης
282 1497 468 1582 ἱερουργίας
497 1503 697 1575 ἐπισκοπεῖν,
727 1496 830 1578 αὐτῆς
858 1501 918 1576 τῆς
944 1495 1073 1584 πρώτης
1102 1497 1211 1564 αὐτῶν

156 1606 260 1695 ἀρχῆς
275 1610 413 1695 σαθρᾶς
430 1602 547 1689 οὕσης;
572 1603 617 1684 εἷς
630 1611 691 1693 μὲν
706 1600 766 1674 οὖν
781 1613 850 1675 ἐστὶ
864 1607 948 1675 καθ’
965 1616 1102 1677 ἕκαστον
1118 1610 1211 1694 ἡμῶν

104 1719 176 1786 1κὸ
200 1725 318 1795 οἰκεῖος
338 1715 528 1804 προστάτης
560 1720 702 1805 δαίμων,
732 1715 845 1784 κοινὸν
874 1721 908 1785 δὲ
936 1725 993 1786 καὶ
1021 1721 1080 1787 τόν
1109 1715 1212 1786 αὐτὸν

156 1826 289 1895 πόντων
311 1826 503 1918 ἀνθρώπων
526 1826 565 1894 οὐ
588 1831 642 1895 δεῖ·
660 1825 763 1895 αὐτόν
783 1828 1047 1918 ὑπολαμβάνειν,
1076 1830 1146 1898 ουδ’
1168 1824 1212 1898 αὖ

156 1937 268 2006 κοινὸν
289 1945 361 2025 μέν,
385 1942 474 2017 λδίως
497 1941 531 2005 δέ
557 1936 683 2024 ἑκάστῳ
712 1937 873 2007 συνόντα·
901 1941 923 2022 ἡ
946 1938 1010 2031 γὰρ
1033 1941 1105 2008 κατ’
1125 1940 1211 2020 εἶδος

104 2075 138 2125 15
157 2056 295 2118 ἕκαστον
318 2042 475 2139 διαίρεσις
496 2054 552 2116 καὶ
575 2049 596 2131 η
619 2053 678 2131 τῆς
691 2047 772 2131 ὕλης
787 2049 938 2139 ἑτερότης
954 2052 1013 2119 οὐκ
1032 2055 1211 2139 ἐπιδέχεται

156 2157 217 2243 την
239 2164 306 2228 τῶν
328 2160 411 2226 καθ’
432 2157 518 2228 αὑτοὶ
541 2159 727 2246 ἀσωμάτων
748 2159 925 2242 κοινότητό
953 2187 988 2228 τε
1010 2167 1066 2229 καὶ
1088 2161 1208 2231 ταίτό·

157 2295 257 2353 τητα·
282 2267 337 2338 διὰ
359 2275 392 2338 τί
415 2265 475 2343 οὖν
497 2276 588 2364 κοινῇ
610 2269 723 2352 κλήσει
745 2275 892 2337 καλεῖται
907 2268 970 2337 ὑπὸ
986 2271 1136 2359 πόντωνς
1160 2272 1211 2342 ὅτι

104 2409 138 2459 18
156 2383 238 2450 καθ’
260 2390 317 2450 έυα
339 2379 399 2450 τόν
420 2380 535 2471 κόριον
556 2381 642 2449 θεὸν
664 2386 729 2448 τῶν
752 2378 919 2467 δαιμόνων
934 2381 954 2463 ἡ
971 2387 1084 2466 κλῆσις
1102 2385 1211 2452 αὐτῶν

155 2497 294 2579 γίνεται,
324 2490 362 2572 ὃς
391 2495 425 2576 ἐξ
447 2493 551 2583 ἀρχῆς
579 2518 613 2558 τε
637 2488 784 2584 ἀφώρισε
812 2491 888 2571 τοὺς
917 2496 1020 2572 λδίονς
1049 2498 1211 2580 δαίμονας

226 2674 251 2723 2.
278 2668 359 2736 idios]
388 2660 555 2724 didaoerD.
698 2673 722 2724 3.
752 2669 834 2739 αὕτη]
858 2671 893 2723 sic
912 2672 997 2736 Act),
1024 2672 1097 2742 0‘10,
1126 2672 1161 2728 cis
1179 2675 1209 2726 Β.

226 2759 251 2808 5.
278 2757 315 2808 τοὶ
333 2777 383 2807 om.
403 2758 436 2810 0.
456 2752 467 2826 ΙΙ
484 2771 540 2809 ante
557 2755 618 2827 ἡμῖν
637 2757 658 2808 C
677 2759 734 2809 add.
753 2758 787 2809 τὰ
888 2761 928 2811 12.
958 2758 1041 2812 ὅσω.
1061 2762 1094 2814 0.
1116 2757 1128 2830 ΙΙ
1149 2760 1210 2828 καὶ]

226 2842 261 2893 sic
282 2846 311 2904 A,
338 2838 438 2908 ἤθει
457 2843 521 2894 Gale
538 2857 604 2907 not.;
631 2863 681 2895 om.
701 2845 734 2897 0.
825 2847 866 2897 19.
894 2844 1003 2916 έφώρισε
1022 2848 1054 2900 Ι).

165 3038 170 3045 ·
222 2999 428 3074 ¹commemoras
455 3003 582 3081 deinceps
610 3002 688 3059 aliam
715 3003 925 3082 disputationem
952 3005 986 3061 de
1011 3010 1122 3085 proprio
1152 3005 1248 3065 dae-9

160 3106 248 3155 mone,
265 3109 299 3144 ee
316 3091 340 3145 si
359 3087 405 3144 alii
424 3089 491 3147 duos
510 3088 556 3145 alii
574 3100 630 3145 tres
642 3088 768 3146 colerent.
815 3091 909 3147 sedet
925 3090 991 3147 haec
1009 3101 1065 3146 tota
1083 3091 1149 3148 falsa
1161 3105 1211 3149 est.

158 3193 251 3229 causas
270 3175 341 3230 enim
358 3175 437 3231 nobis
455 3175 638 3253 praesidentes
657 3178 757 3254 partire
776 3186 803 3232 et
821 3196 874 3231 non
893 3177 926 3232 ad
939 3197 1020 3232 unum
1032 3197 1158 3234 revocare
1171 3189 1213 3235 est

157 3258 220 3313 ideo
230 3279 314 3327 error,
327 3264 452 3336 quoniam
461 3261 564 3319 recedit
573 3262 607 3317 ab
616 3264 718 3317 unitate
727 3281 795 3338 quae
806 3262 929 3317 omnibus
942 3272 1056 3339 praeest.
1094 3266 1212 3339 quinimo

158 3354 234 3421 etos
252 3349 345 3426 opinio
358 3370 424 3425 quae
437 3350 594 3405 daemonem
606 3351 714 3424 corpori
727 3350 904 3426 corporisque
916 3368 995 3404 curae
1008 3350 1136 3419 attribuit,
1155 3354 1211 3410 eius

158 3431 266 3507 quidem
283 3434 476 3510 praefecturam
494 3435 605 3489 nimium
629 3444 756 3508 quantum
780 3444 905 3490 coarctat.
956 3455 1038 3510 quare
1060 3436 1125 3510 quid
1143 3457 1211 3514 opus

157 3515 312 3592 religiosum
330 3519 432 3574 cultum
450 3539 488 3574 exa
500 3518 550 3574 hac
569 3521 696 3595 opinione
714 3530 802 3576 ortaam
820 3519 933 3598 amplius
952 3520 1132 3592 considerare,
1151 3545 1212 3580 cum

157 3605 215 3680 ipsa
244 3605 301 3665 eius
328 3606 461 3681 principia
484 3625 548 3660 sana
571 3624 625 3659 non
650 3607 720 3662 sint?
747 3625 815 3661 unus
839 3616 880 3661 est
895 3608 983 3682 igitur
1004 3609 1213 3688 uniuscuiusque

158 3689 248 3743 nostri·
257 3692 384 3766 proprius
397 3689 510 3745 daemon
522 3690 691 3765 gubernator,
704 3711 870 3748 communem
881 3713 946 3748 vero
955 3696 1071 3771 penitus,
1084 3701 1213 3755 omnium-

158 3794 211 3850 que
228 3773 365 3830 hominum
383 3775 497 3830 eundem
515 3795 649 3833 essenon
668 3785 775 3855 oportet
793 3778 953 3848 existimare,
977 3781 1026 3836 sed
1045 3797 1099 3840 nec
1117 3786 1147 3841 in
1164 3807 1212 3842 sua

158 3861 267 3936 quidem
284 3870 379 3917 natura
397 3880 571 3930 communem,
590 3865 700 3939 propria
717 3882 782 3918 vero
801 3863 955 3921 conditione
971 3870 1115 3946 unicnique
1132 3892 1213 3948 copu-

158 3945 250 4002 latum.
295 3968 357 4003 nam
376 3947 696 4005 differentia,essentialis
723 3958 750 4004 et
767 3951 893 4006 materiae
907 3952 1051 4018 ,diversitos
1069 3977 1123 4012 non
1142 3960 1214 4034 cepit

159 4036 374 4097 communitatem
393 4044 420 4090 et
439 4034 606 4091 identitatem
623 4054 714 4091 rerum
737 4055 786 4111 per
809 4056 840 4091 ee
861 4039 1086 4118 incorporearum.
1132 4063 1213 4116 quare

159 4120 242 4194 igitur
260 4121 365 4197 inquies
384 4124 518 4178 communi
536 4120 616 4177 modo
641 4122 796 4178 invocamus
822 4123 994 4182 daemonem?
1021 4129 1145 4203 quoniam
1162 4133 1214 4186 sci·

158 4203 225 4260 licet
242 4226 291 4282 per
309 4207 389 4263 deum
412 4226 493 4264 unum
511 4208 648 4264 dominum
666 4207 823 4266 daemonum
845 4213 931 4288 agitur
955 4232 1046 4268 eorum
1068 4216 1212 4285 invocatio,
