2776 4876
124 333 195 396 3,2ῦ
619 328 623 335 ’
1129 335 1180 388 159

125 489 183 566 τῆς
211 491 247 551 ὲν
277 484 356 572 ἡμῖν
390 484 595 575 φρονήσεως·
630 491 686 553 καὶ
720 484 762 552 τά
794 493 855 573 μέν
890 495 977 555 ἐστιν
1006 495 1040 554 έν
1074 493 1180 577 τροπῇ

126 596 168 663 τά
189 595 219 662 δ’
240 592 401 687 ἄτρεπτα·
430 602 486 665 καὶ
510 594 549 664 τά
571 603 631 683 μὲν
653 596 745 687 παρά
774 597 873 689 φύσιν
896 596 936 665 τά
960 599 989 664 δ’
1009 598 1087 688 ὑπὲρ
1117 595 1178 681 τὴν

90 705 241 798 spinea·
263 711 319 776 καὶ
341 704 384 775 τά
405 714 465 795 μὲν
486 705 664 796 καταγωγαὶ
686 713 794 796 ψυχῆς
816 706 857 776 τά
873 713 907 776 δὲ
923 707 1098 796 άναγωγά·
1122 717 1178 777 καὶ

124 815 172 885 τά
188 824 248 905 μὲν
270 820 433 900 διίστησιν
456 821 515 902 έξω
543 819 737 889 παντάπασι
764 825 822 903 τῆς
852 825 951 897 θείας
972 826 1107 907 μοίρας,
1137 819 1177 888 τά

124 932 158 996 δὲ
182 925 264 1018 πρὸς
288 928 392 1012 αὐτὴν
414 931 580 999 συνάπτει.

79 1061 106 1122 ,6
211 1036 274 1109 Ait
296 1045 329 1107 τί
351 1039 393 1124 δὴ
416 1035 476 1111 οὖν
497 1048 658 1112 τοσοῦτον
680 1042 858 1133 ἀπεσφάλη
875 1042 893 1110 ὁ
909 1041 1008 1128 λόγος
1022 1047 1081 1125 τῆς
1095 1069 1176 1133 προ-

123 1158 270 1238 κειμένης
289 1153 490 1235 ὑποθέσεως,
513 1153 556 1233 ὡς
578 1159 630 1222 ἐπὶ
653 1157 698 1228 τά
718 1159 840 1244 ἔσχατα
855 1158 1102 1244 παρενεχθῆναι
1119 1159 1177 1238 τῆς

122 1268 247 1350 μανίας
269 1259 356 1331 κακά
378 1259 445 1333 άπὸ
468 1270 533 1332 τῶν
555 1271 721 1354 πρωτείων
742 1271 798 1333 καὶ
819 1265 979 1352 άγαθοῖν;
1002 1271 1034 1333 τί
1054 1265 1118 1357 γάρ
1134 1264 1175 1349 ὃν)

90 1385 197 1454 θεαῖς
218 1379 452 1464 μελαγχολίαις
474 1373 496 1459 ἢ
516 1382 642 1464 μέθαις
664 1373 686 1460 ἢ
707 1388 780 1456 ταῖς
802 1376 918 1456 άλλαις
940 1388 1012 1458 ταῖς
1035 1375 1177 1446 ἀπὸτοῦ

123 1483 276 1571 σώματος
305 1493 525 1574 ἐγειρομένους
551 1499 762 1576 παρακοπαῖς
789 1495 978 1577 προσέοικεν
1008 1488 1026 1556 ὁ
1055 1496 1176 1557 ίνθου·

123 1595 280 1683 σιασμάςς
302 1603 352 1678 τίς
375 1598 405 1666 δ’
423 1594 467 1667 oin
488 1605 630 1687 μαντεία
652 1605 731 1668 ποτε
753 1606 919 1686 ἐγγένοιτο
941 1599 1009 1667 άπὸ
1032 1606 1097 1667 τῶν
1120 1626 1176 1668 νο-

71 1719 105 1770 12
123 1706 280 1794 σημάτων
308 1713 368 1778 τοῦ
397 1709 565 1798 σώματοςς
598 1710 658 1798 οὐχ
685 1711 708 1794 ἡ
736 1716 797 1796 μὲν
824 1708 960 1791 τοιαύτη
994 1708 1176 1800 παραγωγὴ

122 1817 302 1912 διαφθορά
323 1822 486 1905 παντελής
508 1830 604 1903 ἐστιν,
631 1822 653 1905 ἡ
678 1827 712 1891 δὲ
736 1827 906 1912 θεοφορία
929 1821 1092 1905 τελειότης
1120 1828 1177 1892 καὶ

122 1935 268 2020 σωτηρία
290 1937 350 2015 τῆς
363 1938 488 2024 ψυχῆςς
513 1933 553 2002 οὐ
567 1934 639 2001 κατ’
656 1933 838 2002 ἀσθένειαν
852 1939 912 2020 μὲν
928 1933 949 2016 ἡ
966 1932 1078 2025 φαύλη
1094 1957 1175 2021 συμ-

71 2058 103 2108 15
121 2047 239 2124 πίπτει,
254 2044 342 2112 κατά
353 2043 521 2133 πλήρωσιν
530 2047 566 2112 δὲ
577 2043 744 2135 δυνάμεως
759 2045 946 2131 ἡβελτίωνς
962 2046 1005 2124 ὡς
1020 2046 1050 2112 δ’
1064 2046 1176 2125 ἁπλῶς

121 2161 221 2222 είπεῖν
236 2154 257 2237 ἡ
272 2159 333 2242 μέν
347 2154 558 2242 ἡσυχάζουσα
579 2151 665 2221 κατὰ
688 2152 750 2237 την
772 2161 903 2231 οίκείοιν,
918 2155 1003 2238 ζωὴν
1025 2161 1080 2224 καὶ
1097 2156 1175 2225 σάν-

122 2286 190 2332 εσιν
210 2271 310 2357 ἑτέρῳ
331 2269 537 2354 παραδίδωσι
560 2262 621 2347 τὴν
643 2268 761 2346 ἑαυτῆς
776 2271 905 2356 χρῆσιν,
934 2267 955 2350 ἡ
985 2271 1020 2336 δὲ
1047 2265 1107 2346 τάς
1126 2275 1174 2336 ot-

70 2385 103 2438 18
119 2378 209 2454 κείας
231 2383 393 2465 ἐνεργείας
415 2380 593 2465 ίνεργοῦσα
609 2374 749 2443 κάκιστα
763 2381 818 2444 καὶ
835 2381 1038 2464 θορυβωδῶς
1052 2376 1175 2455 ταύτας

121 2483 312 2555 ἀποδίδωσι.

193 2622 217 2671 3.
246 2612 386 2689 άναγωγά]
411 2614 503 2688 άγωγά
530 2619 564 2671 D.
726 2621 750 2670 8.
785 2619 894 2692 τεράτων
921 2619 955 2682 Β,
988 2622 1116 2692 προτείων
1140 2622 1173 2673 D.

192 2705 293 2757 11.12,
324 2701 496 2774 νοσημάτων]
523 2701 646 2775 δογμάτων
671 2703 728 2768 Ac,
765 2704 895 2777 σωμάτων
919 2707 957 2769 D,
994 2705 1118 2775 σημάτων
1141 2707 1172 2759 B.

125 2791 127 2794 ⁴
190 2791 232 2843 18.
259 2793 390 2850 ναείστως
409 2788 473 2843 Gale
492 2805 542 2842 not.
575 2784 587 2860 ΙΙ
619 2788 795 2863 θορυβωδῶς]
815 2794 860 2854 „Iu
880 2793 929 2844 Me.
956 2792 1128 2865 θορυβώδους
1151 2808 1174 2846 et

190 2878 253 2929 forte
267 2877 312 2942 leg.
332 2875 474 2936 νακίστας“
492 2876 528 2928 sic
544 2877 659 2928 Moserus
677 2878 767 2944 legerat
785 2898 851 2931 anno
871 2880 941 2931 181⁰
958 2879 986 2930 in
1003 2880 1114 2946 margine
1131 2900 1174 2933 oo-

189 2961 250 3013 ‹licis
269 2961 299 3024 B,
322 2981 403 3030 nuper
421 2976 512 3023 autem,
538 2982 605 3015 anno
626 2964 701 3025 1855,
720 2964 893 3019 Lecmansius:
914 2966 962 3027 „ln
980 2965 1029 3017 Ma.
1049 2965 1173 3035 θορυβά-

190 3050 239 3101 δου
257 3049 384 3101 censorie
403 3049 447 3112 leg.
468 3051 600 3101 κακί.,,.“

119 3158 263 3216 luminibus
281 3163 465 3238 superioribus
480 3164 553 3219 omni
565 3173 657 3219 nostra
668 3165 811 3241 sapientia3
830 3162 876 3218 illa
888 3160 1021 3218 instabilis
1034 3162 1099 3219 haec
1112 3183 1174 3218 con·

119 3254 208 3313 stans,
232 3244 276 3301 illa
295 3257 388 3304 contra
406 3249 472 3306 haec
490 3270 572 3329 supra
590 3259 724 3318 naturam,
748 3248 795 3305 illu
814 3251 927 3305 animam
947 3249 1025 3324 erigit
1042 3247 1108 3304 haec
1127 3268 1173 3326 op·

117 3333 218 3409 primit,
238 3331 285 3389 illa
303 3344 377 3391 extra
396 3334 513 3392 divinam
531 3339 683 3415 portionem
700 3335 834 3392 exorbitat
851 3354 972 3411 prorsus,
990 3331 1057 3389 haec
1069 3333 1102 3388 ad
1116 3354 1174 3415 caua

118 3419 306 3475 accommodat.
913 3429 915 3433 ’
1172 3478 1175 3483 ,

190 3505 264 3578 Quid
283 3515 325 3561 est
342 3508 435 3582 igitur,
459 3510 554 3577 miror,
578 3507 652 3585 quod
668 3507 747 3564 huius
772 3508 906 3585 opinionis
930 3525 1019 3561 sermo
1036 3524 1069 3560 eo
1088 3524 1172 3580 usque

117 3599 242 3666 evagatus
261 3587 349 3658 firerit,
372 3602 402 3647 ut
420 3613 435 3647 a
452 3596 547 3670 primis
565 3604 592 3651 et
609 3595 689 3652 bouis
707 3592 743 3649 ad
759 3591 828 3652 mala
846 3593 964 3648 insaniae
987 3601 1105 3647 extrema
1127 3590 1173 3646 de·

116 3676 254 3733 flecteret?
282 3695 334 3751 qua
351 3686 439 3734 autem
457 3681 490 3744 in¹
503 3700 533 3735 rc
551 3680 657 3736 divinus
674 3689 767 3757 raptus
786 3679 911 3735 convenit
924 3698 984 3733 cum
996 3675 1172 3733 melancholia

117 3773 162 3821 aut
171 3762 299 3818 ebrietate
309 3770 354 3817 aut
362 3760 422 3819 aliis
434 3785 449 3819 a
462 3785 575 3843 corpore
587 3764 761 3822 bullientibus
773 3763 1034 3842 perturbationibus?
1047 3773 1092 3819 aut
1103 3784 1172 3840 quac

117 3849 225 3908 tandem
243 3849 398 3904 vaticinatio
417 3852 482 3906 oriri
504 3861 598 3929 posset
616 3873 631 3906 a
649 3853 772 3928 corporis
795 3849 913 3905 morbis?
940 3870 1028 3906 annon
1052 3851 1103 3906 ista
1127 3849 1172 3906 de·

117 3939 202 3993 torsio
222 3937 330 3992 omuino
349 3936 451 3991 animae
469 3934 620 4013 corruptela
638 3946 692 4004 est,
716 3935 822 3992 divinus
844 3955 908 3992 vero
931 3937 1075 3993 instinctus
1099 3934 1171 3991 salus

118 4033 145 4080 et
162 4022 310 4100 perfectio?
355 4041 443 4078 annon
461 4042 543 4100 prava
561 4023 674 4078 ecstasis
693 4043 726 4080 ex
743 4021 895 4078 infirmitate
914 4025 1057 4100 continget,
1075 4020 1172 4077 melior

117 4118 205 4165 autem
223 4130 256 4165 ex
273 4107 441 4187 plenitudiue
458 4105 649 4185 perfectionis?
677 4117 706 4163 ut
723 4108 807 4164 verbo
825 4107 912 4185 dicam
930 4107 995 4166 haee
1009 4107 1116 4184 quidem
1127 4127 1171 4162 va·

118 4214 181 4251 cans
196 4190 343 4252 secundum
356 4196 493 4272 propriam
505 4195 586 4250 vitam
601 4202 628 4249 et
636 4193 837 4270 intelligentiam
846 4196 980 4272 superiori
994 4214 1024 4249 se
1038 4192 1084 4248 dat
1096 4202 1170 4248 utcu·

118 4278 186 4349 ᾶεω,
197 4278 243 4337 illa
251 4283 376 4358 proprias
386 4282 555 4358 operationes
566 4299 681 4358 operans
690 4301 734 4336 eas
744 4280 800 4338 edit
808 4300 949 4358 perversas
959 4288 986 4336 et
995 4276 1168 4336 turbulentas.
