2776 4876
210 366 262 430 1‚a
1225 368 1260 420 a?

207 520 418 606 ὑποθέμενος
439 518 589 608 ἀναιρεῖν
610 528 761 609 ἐπιχωρεῖ
780 524 886 588 ταῦτα
908 521 952 599 ὡς
967 523 1026 591 οὑκ
1040 521 1166 603 ἀληθῆ.
1200 520 1261 588 πό-

209 636 276 700 θεν
297 628 361 720 γὰρ
390 629 434 713 δὴ
457 632 629 719 χωρίζεται
657 631 679 714 ἡ
708 631 885 721 ἀσώματος
912 634 995 701 καθ’
1015 632 1136 714 tastris
1162 633 1263 700 οὑσιά

174 757 190 809 3
209 754 279 821 τοῖς
300 747 410 822 ποίοις
430 739 587 829 σώμασιν,
610 743 632 824 ἡ
653 746 756 830 μηδὲν
771 748 890 830 ἔχοντα
905 741 1018 813 κοινὸν
1031 741 1115 832 πρὸς
1128 741 1171 811 τοὶ
1185 770 1261 832 μετ·

211 862 329 942 έχοντα
350 853 454 937 αὑτῆς
475 851 631 941 σώματος
653 858 723 934 πῶς
744 857 778 922 δὲ
800 855 841 937 δὴ
855 855 877 938 ἡ
892 853 939 944 μὴ
954 861 1093 936 τοπικῶς
1107 862 1261 946 παροῦσα

210 979 281 1046 τοῖς
302 964 433 1055 σώμασι
453 975 523 1045 τοῖς
544 976 742 1052 σωματικοῖς
769 966 884 1046 τόποις
910 971 1126 1058 διακρίνεται;
1154 973 1211 1036 καὶ
1239 969 1261 1048 ἡ

174 1074 258 1164 ouri
278 1080 482 1166 ὑιειργομένη
504 1088 673 1165 μερισταῖς
694 1088 917 1170 περιγραφαῖς
929 1079 1150 1165 ὑποκειμένων
1167 1088 1255 1147 κατε

206 1215 301 1277 χεται
322 1192 481 1278 μεριστιὺς
500 1185 566 1256 ὑπὺ
587 1194 652 1256 τῶν
673 1195 781 1279 μερῶν
802 1193 862 1258 τοῦ
880 1189 1024 1278 κόσμοα;
1046 1195 1079 1258 τί
1099 1195 1134 1258 δὲ
1150 1188 1191 1273 δὴ
1205 1196 1262 1261 καὶ

210 1298 251 1369 ab
271 1299 453 1368 διακωλῦόν
474 1308 544 1368 ἐστι
564 1297 641 1378 τοὺς
662 1301 766 1380 θεοὺς
778 1307 929 1391 προϊέναι
948 1309 1136 1391 πανταχοεῖς
1158 1309 1216 1371 καὶ
1229 1308 1262 1371 τί

173 1410 251 1481 basi
272 1413 426 1502 ἀνεῖργον
454 1413 563 1480 αὑτῶν
588 1409 651 1494 τὴν
679 1390 834 1500 δύναμιν,
860 1411 944 1482 ὥστε
971 1419 1055 1481 ἰέναι
1082 1421 1176 1504 μεχρι
1203 1421 1262 1500 τῆς

211 1523 369 1614 οὐρανίας
391 1523 531 1614 ἄψῖδοςς
559 1530 770 1613 ἰσχυροτέρας
796 1521 861 1614 γὰρ
890 1521 934 1593 ἂν
961 1525 1011 1608 εἴη
1032 1531 1131 1596 τοῦτο
1153 1531 1262 1607 αλτῖας

214 1640 325 1727 ἔργον,
351 1641 411 1718 τῆς
431 1635 687 1718 κατακλειοὺοης
708 1632 829 1716 αὑτοὺς
849 1641 906 1704 καὶ
933 1634 1201 1729 περιγραφοὺοης
1226 1641 1263 1704 ἕν

158 1761 193 1813 1²
212 1769 279 1814 τιτι
298 1754 426 1836 plosor.
464 1752 520 1815 καὶ
541 1744 581 1814 τὰ
603 1753 663 1834 μὲν
685 1745 788 1828 ὄντως
809 1745 849 1816 ὃν
870 1753 927 1816 καὶ
947 1748 1032 1816 καθ’
1048 1744 1149 1816 samo
1174 1747 1262 1815 ἀσώ-

211 1885 319 1945 ματον
340 1862 512 1946 πανταχοῦ
533 1863 623 1927 ἐστὶν
638 1857 722 1928 ὅπου
736 1884 796 1945 περ
812 1857 855 1927 ἂν
868 1858 1037 1945 βούληται,
1059 1857 1099 1926 τὺ
1114 1863 1149 1928 δὲ
1164 1862 1263 1927 θεῖον

211 1975 268 2039 καὶ
288 1969 400 2040 πάντα
420 1970 585 2058 ὑπερέχον,
607 1961 836 2060 ιὶπεριεχεται
857 1968 922 2040 ὑπὸ
944 1976 1003 2054 τῆς
1024 1975 1084 2039 τοῦ
1105 1969 1185 2040 ὅλου
1206 1969 1262 2038 κό-

159 2103 194 2154 tt
211 2107 299 2170 ομου
319 2080 527 2164 τελειότητος,
549 2087 607 2151 καὶ
628 2084 672 2163 ὡς
692 2092 728 2152 ἐν
749 2090 839 2170 μέρει
861 2089 924 2152 τινὶ
946 2082 1001 2151 ὑπ’
1020 2083 1124 2151 αὑτοῦ
1143 2086 1262 2172 περιελ·

211 2200 341 2278 ληπται,
362 2198 556 2264 ἐλαττοῦται
577 2192 645 2282 ἄρα
666 2200 723 2262 καὶ
745 2199 805 2263 τοὺ
818 2193 904 2263 κατὰ
924 2191 963 2264 τὺ
980 2200 1078 2282 σῶμα
1089 2197 1262 2281 μεγεθους.

282 2407 307 2459 8.
322 2408 345 2460 9.
372 2409 401 2461 cl
418 2404 463 2475 τὸ]
481 2405 516 2458 aio
527 2406 665 2468 Velssuius,
686 2407 719 2460 τὺ
738 2407 797 2470 ΔΙ),
817 2410 846 2458 τί
863 2407 897 2477 Ο.
978 2408 1003 2461 9.
1024 2403 1101 2474 ἰέναι]
1119 2397 1187 2465 εἶναι
1206 2404 1262 2458 CD.

283 2495 323 2546 10.
338 2494 380 2546 11.
399 2497 486 2553 αἰτίας
499 2489 583 2564 ἔργον]
596 2492 631 2543 aio
644 2490 1061 2566 Αο,1ργονα1τίαςο,1ργον1).
1098 2494 1138 2544 11.
1153 2487 1263 2558 αὐτοὺς]

233 2630 236 2635 ,
282 2579 361 2643 εἰεΑ,
379 2575 465 2640 αὑτὰς
483 2579 516 2633 0.
556 2611 566 2639 ι
590 2581 631 2632 12.
657 2580 746 2651 μερλοι
764 2578 796 2632 Ο.
818 2573 831 2648 ΙΙ
850 2577 935 2640 οὑτως
952 2580 981 2633 C.
1002 2574 1015 2649 ΙΙ
1036 2574 1104 2631 καθ’
1119 2577 1188 2631 αὑτὺ
1208 2579 1261 2635 ΛΟ.

284 2669 326 2721 13.
352 2663 438 2732 ἐστὶν]
457 2668 535 2730 aiala,
558 2681 582 2717 εε
598 2664 625 2717 ia
647 2685 723 2731 marg.
747 2655 812 2720 εἶτα
833 2667 867 2718 D.
892 2661 905 2735 ΙΙ
928 2664 971 2733 bl]
993 2687 1023 2720 τε
1041 2666 1073 2719 B.
1099 2658 1112 2734 l
1137 2663 1263 2735 ὑπερέχον

283 2772 333 2804 om.
357 2762 380 2804 st
402 2753 459 2805 ado.
482 2773 520 2822 pr.
539 2771 606 2804 man.
629 2751 656 2802 iu
679 2770 757 2818 marg.
779 2753 812 2805 D.
921 2755 964 2809 14.
991 2756 1014 2806 ελ
1037 2749 1200 2822 περιέχεται]
1227 2750 1263 2801 sic

280 2859 365 2905 margo
378 2838 409 2901 B,
429 2837 584 2910 ὑπερέχεται
601 2839 634 2892 0.
708 2839 806 2893 1115.
825 2836 887 2893 ὅλον
899 2835 1012 2908 κόσμου]
1032 2837 1067 2888 sic
1087 2838 1141 2900 AC,
1159 2835 1262 2906 κόσμου

282 2924 344 2979 ὅλου
363 2927 396 2980 0.
468 2927 511 2978 15.
538 2930 564 2978 δν
583 2945 635 2977 om.
655 2923 710 2977 AC.

212 3119 309 3176 deiude
325 3130 461 3196 tamquam
477 3139 532 3175 nou
549 3139 612 3176 vera
629 3118 744 3175 refutare
760 3128 869 3196 satagat.
895 3122 941 3196 qui
958 3120 1029 3175 euim
1040 3127 1131 3195 potost
1142 3117 1264 3172 substan·

211 3208 248 3262 tia
265 3226 315 3284 per
326 3227 356 3262 se
367 3209 525 3283 incorporea
536 3206 695 3284 corporibus
708 3204 830 3282 qualibus
842 3205 979 3282 distingui,
998 3223 1066 3281 qaae
1078 3203 1185 3279 quidem
1196 3201 1263 3257 nihil

211 3311 272 3348 cum
289 3294 350 3348 istis
367 3295 410 3349 sai
427 3293 604 3371 participibus
622 3312 761 3349 commune
777 3290 872 3348 habeti
900 3295 948 3369 qui
962 3301 1055 3369 potcst
1072 3290 1141 3347 locis
1159 3289 1193 3345 ad
1206 3309 1263 3345 cor·

211 3398 277 3457 pora
294 3380 491 3457 pertinentibus
509 3380 627 3437 discerni
645 3398 713 3456 quae
730 3379 889 3457 corporibus
906 3377 1029 3436 localiter
1046 3396 1100 3433 nou
1118 3376 1212 3432 alesti
1236 3385 1263 3430 et

212 3484 280 3541 quae
298 3484 352 3520 non
370 3465 510 3521 cohibetur
527 3463 733 3545 particularibus
758 3465 1051 3542 circumscriptionibus
1074 3464 1262 3527 subiectorum,

211 3550 346 3628 quomodo
365 3571 380 3605 a
397 3551 518 3628 partibus
530 3551 628 3608 'muudi
644 3549 807 3629 partibilitar
823 3551 991 3606 ooutiuaturl
1021 3550 1085 3626 quid
1097 3560 1184 3606 autam
1196 3548 1264 3605 illud

210 3635 319 3693 undem
337 3645 379 3690 ast
397 3637 469 3712 quod
480 3640 569 3714 possit
579 3635 730 3715 probibere,
749 3656 804 3713 quo
815 3635 953 3691 miuusalii
964 3637 1064 3711 ubique
1075 3637 1180 3694 adsint?
1199 3635 1263 3712 quid

210 3721 325 3800 impedit
343 3740 435 3777 eorum
451 3725 507 3779 rim
525 3743 579 3800 quo
596 3725 684 3780 minus
702 3723 736 3778 ad
748 3722 818 3779 caeli
826 3721 956 3776 fornicem
967 3724 1117 3800 pertingat?
1135 3744 1200 3780 sanc
1210 3743 1264 3779 ma-

211 3812 278 3866 ioris
296 3808 349 3864 boc
366 3819 439 3864 osset
456 3828 552 3865 munus
563 3813 714 3886 potcstatis,
733 3828 801 3885 quac
813 3805 955 3864 concludat
966 3826 1013 3864 cos
1025 3818 1053 3863 et
1063 3810 1264 3867 circumscribat

212 3899 293 3953 certis
311 3895 445 3972 aliquibus
462 3896 592 3973 partibus.
619 3896 756 3952 sedenim
774 3893 848 3970 quod
866 3913 929 3950 voro
951 3905 993 3951 cst
1009 3915 1111 3975 perque
1129 3918 1159 3954 ae
1177 3900 1263 3953 incor-

211 4002 330 4062 poreum,
349 3982 387 4038 ibi
405 3992 447 4038 cst
464 3981 510 4038 ubi
527 3980 593 4038 vult
616 3980 743 4037 divinitas
761 3990 856 4049 autom,
875 4001 943 4058 quac
960 3986 1048 4040 omnia
1065 3994 1173 4063 superat
1185 3985 1208 4038 si
1221 4002 1263 4037 su·

211 4079 320 4146 potatur
337 4069 370 4124 ab
389 4071 448 4147 ipsa
465 4067 558 4125 muudi
576 4070 659 4124 totius
677 4066 847 4145 pcrlcctious,
866 4079 893 4124 at
910 4079 1043 4146 tamquam
1060 4091 1124 4149 pars
1135 4068 1263 4146 quaedam

213 4155 263 4211 sub
282 4175 312 4210 eu
332 4154 574 4234 comprehenditur3
592 4155 773 4233 maguitudino
790 4174 918 4235 corporea
935 4157 1053 4214 (laterior
1064 4157 1196 4213 statuitur.
1214 4154 1263 4211 sod

215 4262 269 4298 noa
287 4241 366 4298 video
379 4241 503 4320 equidem
515 4242 737 4319 quemadmodum
747 4243 814 4301 buco
824 4242 949 4301 iuferiora
959 4244 1020 4301 lieri
1032 4243 1191 4318 formarique
1201 4260 1264 4320 pos-
