2776 4876
167 345 203 398 30
1167 340 1218 404 l‚o

169 523 252 582 σειςς
275 495 435 585 οὐδὲγάρ
458 503 547 562 ἐστιν
568 495 696 576 ἀληθὲς
710 492 749 562 ιδ
765 503 800 564 ἐν
814 495 906 588 ἀρχή,
928 494 971 573 ὡς
987 493 1058 560 κατ’
1075 490 1221 582 οδρανδν

167 608 272 696 μόνον
293 614 325 676 ol
340 612 419 675 θεοί
433 611 661 696 περιπολοῦσι·
688 603 879 697 πάνταγὰρ
892 605 1002 674 αὐτῶν
1015 610 1086 674 tort
1099 605 1219 698 πλήρη.

167 718 253 788 ἀλλά
273 725 342 798 πῶς
364 717 506 806 ὲνύδριοί
527 743 612 798 τινες
638 723 792 806 λέγονται
810 725 867 787 sui
888 717 1008 808 ἀέριοι,
1034 715 1158 797 τάπονς
1185 730 1252 786 τεο

166 830 367 920 διειλήχασιν
388 825 484 898 ἀλλοι
506 825 634 912 ἀλλους,
654 837 712 900 καὶ
734 828 894 918 σωμάτων
909 834 1030 918 μοίρας
1045 827 1220 918 διεκληρώ-

166 966 270 1012 σαντο
292 938 378 1010 νατά
400 939 617 1034 περιγραφήν,
642 948 752 1012 καίτοι
773 941 912 1030 δύναμιν
933 941 1071 1029 ἀπτιρον
1091 945 1220 1029 ίχσντες

164 1060 221 1123 καὶ
242 1054 421 1142 ἀμέριστον
442 1057 498 1121 καὶ
524 1052 764 1143 ἀπερίληπτονς
791 1059 860 1133 πῶς
887 1079 922 1121 τε
951 1053 1061 1121 αὐτῶν
1082 1057 1176 1120 ἔσται
1196 1051 1252 1135 sit

166 1175 279 1246 ίνωσις
292 1162 375 1256 πρὸς
389 1162 560 1248 ἀλλήλους,
581 1170 690 1254 μερῶν
703 1177 872 1252 μερισταῖς
884 1175 1106 1258 περιγραφαῖς
1120 1166 1218 1253 διειρ-

165 1286 321 1366 γομένιον,
342 1281 399 1346 καὶ
420 1276 505 1345 καθ’
521 1274 698 1366 ἑτερότητα
720 1280 785 1345 τῶν
806 1274 917 1345 τόπων
936 1281 994 1347 καὶ
1007 1279 1075 1344 τῶν
1083 1275 1218 1346 ’ὑπονειι

165 1395 271 1478 μένων
294 1387 455 1476 σωμάτιον
477 1390 726 1476 διειλημμένοις
753 1458 756 1465 Δ
1234 1397 1251 1450 t

254 1499 400 1570 Πάντων
415 1497 456 1582 δή
472 1491 532 1568 οὖν
545 1499 740 1570 τούτωνκαὶ
754 1497 864 1569 ἀλλων
883 1503 1124 1585 παραπλησίων
1137 1499 1219 1567 ἀπε·

165 1611 293 1701 ράντων
315 1609 509 1698 ζητημάτων
530 1616 591 1698 μία
605 1612 726 1702 ἀρίστη
741 1611 840 1694 λύσις,
863 1614 1006 1680 κατιδεῖν
1019 1607 1080 1680 τάν
1092 1609 1219 1700 τρόπον

164 1729 224 1807 τῆς
243 1727 345 1802 θείας
366 1722 495 1806 λήξεως.
529 1721 613 1807 αὕτη
635 1729 747 1794 τοίνυν
768 1723 828 1793 tob
849 1749 884 1791 τε
905 1727 1026 1812 μοίρας
1047 1718 1139 1802 τινάς
1157 1727 1218 1792 τοῦ
1235 1722 1271 1780 ¹²

164 1833 297 1916 παντός,
320 1833 393 1903 olor
415 1832 559 1924 οὐρανὸν
573 1832 595 1919 ἢ
609 1840 681 1923 γῆν,
703 1835 762 1905 ἐάν
778 1862 812 1904 τε
827 1834 939 1915 πόλεις
952 1831 1080 1925 ίεράςή
1097 1832 1217 1922 χώρας,

164 1945 224 2015 ἐάν
250 1973 285 2015 τε
313 1952 369 2016 καὶ
397 1952 514 2034 ττμίινη
543 1944 619 2016 τινά
646 1945 668 2031 ή
695 1948 769 2037 ίερά
797 1945 978 2035 ἀγάλματα
1005 1946 1217 2040 διαλαμχάνη,

164 2057 274 2127 πάντα
296 2058 423 2140 ἔξωθεν
446 2058 633 2147 ἐπιλάμπει,
661 2059 817 2149 καθάπερ
841 2061 859 2129 ὁ
883 2057 976 2142 ἥλιος
998 2058 1124 2140 ἔξωθεν
1147 2085 1217 2151 φω-
1235 2069 1269 2120 tt

164 2172 244 2252 τίζει
263 2169 373 2238 πάντα
395 2183 469 2251 ταῖς
491 2170 629 2240 ἀκτῖσιν.
666 2169 774 2262 ὥσπερ
797 2166 856 2242 οὖν
877 2169 1004 2261 τδφῶς
1022 2176 1159 2260 περιέχει
1174 2167 1218 2236 τά

163 2281 385 2374 φωτιζόμενα,
413 2283 535 2352 οὑτωσὶ
554 2287 612 2351 καὶ
636 2288 701 2351 τῶν
722 2285 858 2367 dreini)
887 2282 1024 2369 δύναμις
1052 2277 1095 2349 τά
1113 2307 1217 2369 μετα-

162 2392 381 2480 λαμβάνοντα
402 2395 505 2478 αάτής
526 2395 652 2477 &noso
667 2399 865 2487 περιείληφε.
898 2399 956 2464 καὶ
969 2393 1078 2485 ὥσπερ
1091 2394 1218 2482 ἀμιγῶς
1234 2401 1267 2453 18

235 2578 258 2626 1.
282 2571 367 2644 ἀρχῶν
380 2573 434 2625 Ac,
507 2577 530 2628 3.
555 2577 654 2646 ἔνυδροι
668 2578 698 2628 Α.
769 2577 794 2630 d.
820 2579 891 2628 lom
910 2574 963 2626 AC.
1035 2576 1060 2625 7.
1077 2576 1165 2632 ἔνοσις
1183 2571 1215 2626 Β.

243 2656 257 2730 ll
267 2660 394 2732 μῑρίῦτᾶς
412 2661 576 2732 mommolo
594 2662 627 2715 0.
681 2665 705 2714 7.
718 2662 746 2713 8.
773 2664 968 2734 διειργοιιμίνων
985 2661 1019 2713 D.
1080 2661 1104 2713 9.
1122 2656 1216 2729 σοιμά-

232 2767 285 2800 ἰιιν
302 2748 483 2815 διειλημμέναι
504 2767 556 2800 orn.
580 2762 605 2800 ct
626 2749 682 2800 sdd.
701 2748 728 2799 in
748 2764 822 2814 marg.
841 2750 874 2801 D.
984 2749 1025 2799 11.
1053 2741 1166 2818 ἀρίστης
1183 2746 1214 2798 Β.
1283 2784 1286 2789 .

163 2925 347 2981 invocationes
365 2922 509 2979 sacrificuli
526 2925 673 3000 usurpent?
696 2944 751 2980 non
762 2934 804 2980 est
815 2923 883 2980 illud
901 2923 974 3000 quod
990 2924 1078 3000 primo
1092 2922 1160 2979 dicis
1172 2944 1216 2980 ve·

163 3030 230 3078 rum,
249 3011 326 3085 quusi
343 3010 372 3065 in
390 3008 464 3066 caelo
476 3010 605 3067 duntaxat
617 3009 655 3066 dii
665 3021 813 3078 versentur,
832 3012 919 3066 omnis
931 3011 1003 3066 enirn
1014 3008 1216 3088 deorum-plens

163 3107 236 3153 sunt.
262 3116 356 3153 verum
374 3097 508 3173 quomodo
525 3117 560 3154 ex
582 3099 616 3153 iis
635 3095 743 3172 quidem
760 3098 837 3173 aquei
860 3095 968 3172 quidm
989 3098 1061 3152 sirei
1084 3096 1216 3164 dicentur,

163 3183 293 3260 locosque
311 3182 357 3239 elii
375 3183 443 3240 elios
461 3186 551 3240 sortiti
569 3185 632 3252 sint,
656 3203 852 3260 corporumque
869 3184 1008 3259 portiones
1026 3202 1088 3238 cum
1105 3185 1217 3240 eircum-

163 3272 311 3348 scriptione
329 3279 469 3348 occupeut,
487 3273 686 3347 potentiamque
703 3272 811 3326 interim
828 3267 959 3324 infinitam
975 3267 1165 3325 indivisibilem
1177 3271 1217 3324 iu·

162 3355 430 3434 comprehensibilem
446 3356 619 3435 possideant?
646 3359 711 3413 item
729 3354 863 3432 quomodo
880 3357 1007 3412 unionem
1023 3357 1095 3411 inter
1111 3374 1143 3411 sc
1159 3363 1219 3410 tue·

161 3443 261 3499 buntur
278 3444 325 3519 qui
342 3445 458 3522 partium
476 3442 771 3521 circumscriptionibus
788 3444 914 3520 privatim
932 3441 1158 3506 disterminantur,
1176 3438 1216 3495 lo·

162 3549 307 3604 corumque
324 3539 352 3585 et
370 3549 512 3608 corporum
530 3531 711 3587 subiectorum
727 3529 884 3586 diversitate
901 3529 1074 3606 separentur?
1103 3574 1106 3579 .

231 3613 331 3670 Herum
353 3617 434 3692 igitur
456 3626 485 3672 et
506 3617 634 3673 similium
655 3616 819 3672 infinitarum
840 3617 1025 3691 quaestionum
1051 3634 1104 3669 une
1131 3633 1217 3689 euque

162 3703 262 3779 optime
280 3700 379 3758 solutio
398 3713 533 3770 occurret,
552 3704 581 3759 si
599 3702 798 3759 consideremus
816 3700 951 3777 quomodo
968 3700 1008 3756 dii
1025 3721 1056 3756 se
1073 3701 1153 3756 rebus
1170 3699 1216 3756 sd·

161 3787 506 3866 ministrandisepplioent.
535 3789 662 3846 divinitus
685 3790 767 3864 igitur
783 3790 843 3844 sire
860 3797 950 3866 perles
973 3786 1082 3862 aliquas*
1094 3788 1216 3843 universi

162 3875 301 3942 sortietur,
323 3884 387 3950 pute
410 3874 512 3931 caelum
529 3875 574 3933 vel
591 3887 697 3943 terrem,
716 3877 775 3932 sive
792 3875 872 3930 urbes
895 3894 984 3931 sueres
998 3883 1030 3929 et
1047 3875 1170 3950 regiones
1187 3882 1216 3928 et

161 3960 246 4017 saltus
263 3959 369 4036 sliquos
386 3971 432 4015 eut
449 3971 550 4018 statues
567 3983 666 4031 sacras,
690 3960 761 4018 solet
777 3961 843 4018 baec
860 3963 949 4017 omniu
966 3961 1133 4016 extrinsecus
1151 3962 1216 4016 im·

162 4048 242 4117 diere,
263 4046 396 4125 quomodo
416 4046 457 4102 sol
476 4050 532 4102 suis
551 4048 633 4104 radiis
652 4051 740 4104 omnia
758 4050 900 4106 extrinsice
913 4045 1062 4104 collustret.
1090 4045 1216 4122 quesnsd·
1308 4051 1309 4056 ’

161 4135 269 4191 modurn
286 4135 368 4211 igitur
385 4132 431 4190 lux
450 4133 568 4190 continet
586 4152 616 4189 ee
634 4155 702 4211 quae
719 4134 912 4201 illuminentur,
936 4136 976 4190 sie
994 4143 1022 4191 et
1039 4132 1151 4190 deorum
1167 4153 1216 4211 po·

161 4229 245 4278 testas
262 4241 292 4278 ee
311 4240 380 4299 quse
397 4219 432 4276 de
449 4239 480 4277 so
496 4220 665 4298 participant
693 4231 721 4277 et
739 4220 960 4299 quemadmodum
976 4223 1034 4277 utri
1058 4219 1136 4277 adest
1158 4218 1214 4288 lux,
