2776 4876
211 323 266 387 M
1233 326 1267 380 87

212 482 381 568 προτρέχει
403 484 448 553 είς
471 475 551 565 ὅπερ
573 474 746 566 προλαβὸν
768 483 823 557 καὶ
846 476 1079 567 προκατασχὸν
1102 476 1160 546 τόν
1184 479 1267 568 ἀέρα

212 586 252 655 τό
274 593 399 655 ἑαυτῶν
422 586 507 666 εἶδος
529 592 758 679 ὲκφαίνουσιν’
788 588 864 656 οὐδὲ
885 594 959 677 περὶ
982 587 1102 669 αὐτοὺς
1117 589 1204 676 adyti
1219 616 1270 670 τις-

177 715 193 765 3
213 697 408 788 περιλοίμπει
428 699 472 765 τοί
493 697 728 786 πανταχόθεν.
766 705 817 769 ἐπὶ
841 703 875 769 δὲ
898 705 963 767 τῶν
985 699 1100 790 ἡρώων
1121 704 1182 786 γῆς
1206 705 1267 786 μὲν

211 817 294 899 μέρη
317 806 392 878 τινὰ
414 821 610 894 συγκινεῖται
632 815 688 878 καὶ
709 809 822 903 ψόφοι
843 815 1068 899 περιηχοῦσιν·
1092 811 1110 879 ὁ
1134 814 1169 877 δὲ
1189 808 1266 889 ὅλος

212 921 232 989 ὅ
255 920 320 1010 ἀὴρ
344 921 384 988 οὐ
396 926 522 1007 γίνεται
536 919 730 1011 λεπτότερος
744 921 819 989 οὐδὲ
834 920 1043 1010 ἀσύμμετρος
1057 933 1127 1001 τοῖς
1144 926 1266 1009 θεονρ·

178 1052 194 1102 6
211 1044 291 1119 μοῖς,
315 1031 396 1101 ὅστε
409 1031 591 1110 ,δύνασθαι
613 1028 716 1099 αὐτὸν
727 1043 855 1121 χωρεῖν.
900 1039 953 1101 ἐπὶ
969 1035 1003 1100 δὲ
1018 1037 1083 1099 τῶν
1097 1030 1268 1120 ἀρχόντων

212 1143 371 1232 περιβολὴ
393 1147 454 1229 μὲν
474 1140 634 1210 πλειόνων
657 1141 844 1232 φασμάτων
865 1148 1001 1233 περιθεῖ
1015 1141 1265 1232 δυσανάσχετος,

212 1251 286 1336 ἤτοι
306 1252 444 1340 ιιοσμικὴ
467 1249 489 1334 ἢ
510 1258 680 1342 περίγειος,
702 1255 743 1321 οίι
763 1251 830 1341 μὴν
850 1253 1069 1345 ὑπερκόσμιός
1090 1279 1126 1339 χε
1149 1251 1265 1323 λεπτό-

176 1379 268 1446 arne
291 1365 402 1447 οὐδ’ίη
432 1370 497 1431 τῶν
524 1361 633 1449 ὅκρων
662 1371 831 1451 στοιχείων
858 1370 1085 1452 παραγίνεται.
1130 1376 1203 1442 ταῖς
1229 1366 1264 1431 di

209 1487 365 1567 ψυχικαῖς
386 1480 593 1567 ἐπιφανείαις
608 1473 766 1562 συγγενὴς
779 1473 909 1562 μᾶλλόν
924 1483 1013 1545 ἐστιν
1028 1476 1046 1543 ὅ
1064 1474 1265 1568 φαινόμενος

210 1585 286 1676 ἀήρ,
309 1591 365 1654 καί
388 1590 515 1673 δέχεται
536 1586 646 1654 αὐτῶν
666 1583 728 1668 τὴν
749 1583 958 1678 περιγραφὴν
973 1594 1009 1654 έν
1023 1589 1129 1672 ίαυτρλ
1144 1607 1264 1672 συνηρ-

159 1709 192 1761 12
209 1704 348 1784 τημένος
369 1695 453 1786 πρὸς
475 1696 586 1775 αὐτός.

303 1811 498 1876 Τελευταίου
519 1813 632 1877 τοίνυν
655 1815 690 1876 αί
712 1813 778 1878 τῶν
792 1806 980 1883 καλούντων
995 1813 1054 1890 τῆς
1067 1811 1176 1898 φυχῆς
1191 1809 1263 1873 δια·
1280 1812 1300 1870 9

209 1923 321 1998 θέσεις
343 1924 396 1986 ἐπὶ
417 1924 478 2006 μὲν
499 1922 558 2002 τῆς
586 1925 781 2012 ἐπιφανείας
808 1921 875 1986 τῶν
902 1923 995 1987 θεῶν
1022 1918 1266 2004 ἐξηλλαγμένην

157 2048 190 2098 15
209 2035 264 2097 καὶ
286 2031 508 2118 ὑπερέχουσαν
529 2008 774 2120 παραδέχονται
804 2028 863 2112 τήν
886 2028 1073 2111 τελειότητα
1102 2026 1266 2116 ένέργειάν

210 2165 245 2207 τε
269 2146 439 2230 κρείττονα
461 2145 635 2221 παντελῶς,
659 2145 713 2208 καί
737 2145 835 2209 θεῖον
858 2145 962 2229 έρωτα
987 2144 1041 2206 καί
1058 2137 1266 2230 εὐφροσύνην

208 2248 383 2338 ἀμήχανον
406 2251 489 2335 ὅσην
511 2250 831 2339 μεταλαχχοίνοοσιν·
855 2255 907 2318 ἐπὶ
923 2253 957 2316 δὲ
972 2253 1038 2317 τῶν
1052 2250 1262 2338 ἀρχαχχέλων

280 2486 302 2535 1.
331 2481 476 2551 προλαβόν]
496 2482 634 2554 προβαλών
646 2481 679 2533 D.
752 2484 777 2535 2.
805 2480 901 2534 ἑαυτὸν
919 2480 975 2532 CD.
1047 2483 1072 2531 4.
1099 2492 1155 2547 post
1173 2498 1262 2548 περιη-

275 2566 370 2635 χοῖισιν
387 2567 457 2620 BCl)
481 2582 586 2637 pergunt
608 2566 803 2637 ίπιλαμπσὸσης
823 2567 847 2628 ὅ,
867 2569 909 2620 13.
931 2565 1101 2618 eFeschiano
1124 2565 1160 2617 nil
1182 2583 1261 2616 anno-

277 2668 367 2707 tatum.
453 2655 514 2707 45.
543 2651 604 2706 ddi
623 2649 683 2713 ὅλος
701 2650 732 2718 ὅ]
750 2652 785 2705 sic
805 2656 835 2715 A,
851 2647 912 2705 οὐδ’
928 2649 993 2710 ὅλως
1012 2651 1047 2704 0.
1134 2653 1158 2703 7.
1188 2670 1261 2721 περι-

275 2739 352 2807 βολὴ]
364 2738 400 2791 sic
412 2743 444 2804 A,
462 2738 600 2810 παραβολὴ
614 2739 646 2792 0.
665 2732 678 2806 ΙΙ
698 2735 905 2807 δυσανιίσχετος]
923 2736 992 2789 sicC
1010 2751 1033 2788 et
1045 2756 1122 2804 marg.
1135 2735 1175 2798 B,
1194 2736 1260 2790 δυσ-

275 2829 425 2893 ανασχίτως
443 2825 477 2878 0.
556 2825 581 2875 8.
609 2828 734 2892 νοσμιιιοί
752 2825 783 2876 D.
801 2819 1003 2897 ΙΙῦπερχόσμιός
1022 2824 1054 2875 D.
1138 2824 1179 2874 11.
1207 2839 1260 2874 πα-

277 2909 417 2984 ραγραφὴν
436 2911 516 2963 Aet).
590 2911 632 2963 14.
661 2907 742 2975 θεῶν]
761 2909 796 2961 sic
814 2913 846 2974 A,
874 2906 972 2963 παθῶν
990 2910 1023 2963 0.

207 3159 235 3204 et
251 3147 458 3226 praeoccupanti
476 3165 551 3201 suam
575 3147 696 3222 ipsorum
719 3149 835 3223 speciem
858 3147 1024 3222 imprimant:
1049 3142 1098 3203 sod
1120 3160 1170 3197 uec
1192 3140 1261 3196 radii

207 3233 290 3310 aliqui
310 3237 514 3307 circumquaque
537 3229 646 3307 fulgent.
689 3229 816 3287 heroibus
839 3228 1042 3288 adventantibus
1065 3226 1159 3305 plagae
1182 3245 1260 3301 quse·

208 3320 267 3376 dam
285 3330 372 3375 terrae
390 3327 605 3384 commoventur,
623 3325 650 3370 et
668 3317 866 3374 circumsonant
883 3317 1015 3394 fragorem
1039 3322 1112 3368 totus
1129 3330 1195 3367 vero
1213 3316 1260 3366 atr

207 3404 332 3462 subtilior
350 3425 405 3460 non
421 3404 461 3472 fia,
486 3422 572 3478 neque
590 3399 657 3457 adeo
676 3403 800 3460 inimicus
818 3401 1011 3468 sacerdotibus,
1034 3408 1064 3455 nt
1085 3416 1146 3452 eum
1163 3415 1260 3473 capere

207 3501 348 3567 nequeant.
392 3489 443 3545 sub
461 3487 633 3545 archontibus
653 3486 763 3545 difficile
781 3488 896 3546 toleratu
914 3487 1099 3545 circumcurrit
1116 3481 1259 3539 multorum

206 3576 373 3652 phasmatum
391 3593 496 3649 agmen,
516 3574 576 3631 sire
593 3570 662 3629 illud
679 3573 840 3631 mundanum
857 3577 895 3631 sit
917 3576 975 3630 sire
997 3582 1144 3637 terrenum
1172 3586 1259 3642 neque

207 3671 295 3716 tamen
313 3659 390 3714 adest
406 3658 541 3715 subtilitas
558 3659 780 3736 supermundana,
797 3663 880 3717 immo
897 3679 931 3715 ns
948 3657 1139 3715 elementorum
1151 3653 1259 3732 quidem

207 3762 400 3822 supremorum.
448 3744 552 3801 animae
567 3742 615 3799 ubi
632 3746 756 3801 visuntur
773 3750 819 3801 air
836 3747 876 3800 eis
895 3745 1032 3818 cognatior
1043 3748 1100 3810 est,
1118 3758 1259 3815 earumque

208 3835 235 3887 in
255 3851 284 3886 se
303 3829 512 3907 descriptionem
529 3829 753 3887 accommodando
772 3829 888 3905 seipsis
907 3829 1028 3904 suscipit.

278 3916 402 3991 Denique
425 3914 614 3994 apparentibus
636 3915 691 3971 diis
713 3916 815 3971 animae
838 3913 1019 3969 invocantium
1040 3913 1077 3968 ita
1099 3909 1295 3976 afficiuntur,9

209 4012 238 4059 ut
256 4001 334 4059 aliam
352 4001 484 4078 quandam
501 4003 722 4078 praestantiorem
744 3997 932 4077 perfectiorem
953 3999 1075 4056 omnibus
1096 3995 1184 4055 modis
1206 4012 1258 4048 me·

208 4087 303 4143 liorem
321 4091 503 4167 operationem
525 4085 720 4164 adipiscantur,
743 4105 859 4143 amorem
883 4084 1002 4143 divinum
1024 4095 1051 4140 et
1074 4077 1259 4146 incredibilem

209 4173 339 4232 laetitiam
361 4177 484 4232 sentiant.
529 4172 718 4252 apparentibus
739 4169 904 4255 archangelis
920 4173 1023 4231 animae
1044 4167 1179 4243 recipiunt
1197 4186 1260 4223 con·
