2776 4876
205 365 261 427 Μ
1229 375 1266 430 88

207 516 312 606 ὀρέγει
334 523 391 585 καὶ
412 516 478 585 ὅσα
497 517 626 604 χθόνιό
649 528 737 588 ἐστιν
759 526 854 609 ἔργα·
886 521 973 589 ἀλλὰ
1001 521 1069 608 μὴν
1090 524 1113 607 ἥ
1135 552 1171 611 γε
1199 531 1265 596 τῶν

205 634 320 718 ψυχῶν
342 633 413 696 θέα
434 635 500 698 τῶν
521 635 581 716 μέν
596 629 770 721 ἀχρόντων
783 637 840 699 καὶ
854 641 890 701 έν
905 633 1053 720 ἀγγέλων
1069 634 1159 718 τόξα
1174 640 1264 727 ἱδρο-

170 754 187 806 3
205 747 313 828 μένων
336 739 510 827 ἀναγωγός
531 750 600 809 tou
627 748 684 810 xci
705 749 814 832 ψυχῆς
835 743 1004 832 σωτήριος,
1027 746 1078 813 ἐπ’
1103 750 1209 815 ἐλπίδι
1231 776 1265 816 τε

206 858 281 939 ἱερᾷ
303 857 503 944 ὲκφαίνεται,
525 859 581 921 καὶ
603 847 649 921 ὧν
671 853 693 936 ἡ
711 858 808 934 ’ἐλπὶς
823 855 843 938 ἡ
860 853 931 943 ιερὰ
946 857 1164 925 ἀντιποιεῖται
1180 859 1265 945 ἀγα-

206 966 283 1033 θῶν
306 961 432 1032 τούτων
453 974 589 1054 παρέχει
610 962 671 1048 τὴν
694 963 806 1035 δόσιν·
834 967 855 1049 ἡ
879 971 913 1037 δὲ
935 971 1001 1034 τῶν
1023 974 1141 1056 ἑτέρων
1162 995 1264 1038 κατα-

172 1072 314 1162 σγωγός
334 1079 388 1143 ἐπὶ
409 1073 471 1158 τὴν
492 1084 618 1160 γένεσιν
639 1075 785 1165 ὑπάρχει,
808 1082 944 1170 φθείρει
966 1104 999 1146 τε
1021 1078 1100 1158 τοὺς
1127 1083 1187 1164 τῆς
1214 1086 1266 1151 έλ-

209 1189 307 1265 πίὸος
333 1183 481 1274 καρποὺς
513 1192 569 1256 καὶ
596 1194 721 1256 παθῶν
754 1194 876 1278 πληροῖ
902 1189 1158 1278 προσηλούντων
1189 1189 1266 1271 νοός

207 1301 423 1385 θεωροῦντας
445 1308 518 1376 τοῖς
540 1298 679 1386 σώμασι.

173 1421 189 1474 t
296 1413 369 1477 Καὶ
388 1412 457 1496 μὴν
478 1415 538 1494 τῆς
560 1437 598 1497 γε
620 1410 750 1492 τάξεως,
773 1407 815 1492 ἢν
838 1418 870 1478 oi
893 1410 1052 1500 ὁρώμενοι
1075 1417 1193 1500 έχουσι,
1214 1420 1302 1500 χλ·7

206 1546 299 1589 νεται
320 1521 453 1603 ένδειξις
474 1530 510 1588 ὲν
530 1532 604 1600 ταῖς
633 1521 828 1613 adsessione,
856 1524 923 1590 τῶν
951 1528 1012 1611 μὲν
1040 1526 1133 1591 θεῶν
1162 1521 1266 1603 θεοὺς

209 1627 233 1713 ἢ
261 1631 420 1718 ἀγγέλους
448 1631 589 1720 ἐχόντων
616 1637 692 1721 περὶ
719 1630 869 1713 έαντοός,
898 1636 964 1700 τῶν
992 1637 1027 1701 δὲ
1055 1632 1266 1722 ἀρχαγγέλων

156 1752 190 1803 1²
208 1741 425 1832 προπομποὺς
452 1743 611 1831 ἀγγέλους
638 1741 661 1826 ἢ
689 1739 750 1813 σὺν
779 1750 910 1823 έαντοῖς
938 1751 1216 1832 συντεταγμένους
1244 1744 1265 1827 ἢ

208 1852 347 1923 κατόπιν
369 1862 548 1943 ἑπομένους
570 1852 591 1937 ἢ
614 1852 720 1937 ἄλλην
742 1852 817 1924 τινὰ
840 1857 1047 1946 δορυφορίαν
1060 1855 1187 1939 πολλὴν
1205 1857 1266 1942 ἀγ*

207 1969 310 2052 γέλων
333 1971 407 2052 περὶ
429 1963 566 2045 ἑαυτοὺς
587 1970 889 2056 περιβαλλομένων,
919 1965 1066 2053 ἀγγέλων
1095 1969 1131 2035 δὲ
1153 1963 1196 2034 τοὶ
1218 1975 1266 2036 oi·

157 2089 190 2139 15
210 2087 282 2145 κεῖα
304 2081 384 2164 έργα
406 2082 466 2159 τῆς
488 2077 610 2158 τάξεως
631 2077 686 2168 ἐφ’
706 2071 746 2160 ἦς
768 2075 984 2164 έπιβεβήκασι
1007 2076 1265 2146 nascuncuntu-

208 2214 282 2270 των,
303 2192 370 2256 τῶν
385 2192 419 2256 δὲ
433 2188 579 2275 ἀγαθῶν
594 2187 761 2275 δαιμόνων
775 2183 817 2255 τό
833 2193 977 2278 σφέτερα
992 2187 1265 2278 δημωνργήματα

208 2303 265 2368 καὶ
279 2297 410 2386 ἀγαθά,
433 2297 456 2366 ιλ
472 2302 664 2388 δωροῦνται,
680 2300 952 2386 σονθεωρεῖσθαι
966 2297 1185 2386 παρεχόντων,
1200 2303 1266 2367 τῶν

281 2533 304 2581 1.
331 2527 398 2601 μὴν]
421 2530 456 2582 sic
478 2532 542 2594 AD,
568 2537 614 2600 pata
633 2530 666 2583 0.
779 2529 804 2581 2.
832 2524 930 2595 uindico
953 2527 986 2578 D.
1100 2529 1125 2581 4.
1153 2530 1211 2600 λεριὶ
1236 2528 1265 2580 Β.

280 2619 306 2668 6.
335 2635 362 2668 τε
387 2635 438 2667 om.
458 2615 491 2669 0.
580 2617 605 2668 8.
633 2611 802 2686 θεωροῦντας
820 2613 849 2666 G.
940 2614 963 2664 9.
977 2615 1018 2665 10.
1046 2616 1147 2681 γίνεται
1164 2618 1189 2666 έν
1207 2622 1267 2673 ταῖς

279 2697 458 2770 αὗτοψνχέαις
473 2703 592 2760 ἐπίδειξις
608 2699 667 2764 Ac,
684 2704 787 2769 γίνεται
810 2704 835 2752 ὲν
853 2704 912 2759 ταῖς
930 2694 1078 2766 αὖτοψέαις
1096 2701 1214 2760 ἐπίδειξις
1231 2700 1266 2751 D.

281 2790 322 2840 11.
349 2782 526 2859 ιῖρχαγγέλων]
546 2782 656 2856 ἀγγέλων
675 2785 703 2839 C.
772 2787 813 2838 14.
842 2780 941 2843 αὖτοὺς
955 2788 983 2836 Α.
1003 2779 1015 2853 ΙΙ
1032 2784 1265 2856 περιβαλλομένων]

279 2874 314 2925 sic
332 2875 364 2936 A,
388 2873 627 2945 παραβαλλομένων
646 2872 678 2925 0.
701 2867 714 2940 ll
735 2867 778 2937 dt]
797 2875 825 2922 τὲ
845 2871 877 2921 Α.

210 3110 323 3184 ginntur.
373 3111 519 3164 animarum
536 3119 652 3185 spectra,
675 3110 700 3163 si
719 3105 827 3183 quidem
849 3124 931 3182 purae
953 3115 1016 3160 eunt
1038 3108 1140 3160 animae
1163 3103 1267 3180 angelo·

210 3213 320 3270 rumque
339 3193 433 3250 ordine
451 3197 621 3264 constitutae,
640 3212 746 3250 sursum
764 3201 892 3248 revocant
909 3198 938 3246 ct
955 3188 1080 3246 salutaria
1099 3199 1162 3246 sunt
1179 3209 1267 3267 spem·

210 3299 263 3356 qne
281 3299 383 3337 sacram
404 3279 563 3348 ostendunt,
588 3290 617 3336 et
637 3286 775 3359 praestant
798 3297 829 3332 ea
846 3275 916 3333 hona
936 3295 1049 3352 quornm
1068 3295 1144 3352 spem
1162 3274 1266 3331 indunt.

210 3366 311 3421 animae
330 3375 418 3422 autem
435 3369 555 3445 impurae
573 3366 607 3423 ad
624 3367 735 3443 genesin
754 3363 923 3439 detorquent,
942 3382 1006 3440 spes
1024 3371 1153 3417 eteorum
1164 3358 1267 3416 ductus

211 3461 391 3528 corrumpunt
410 3453 581 3528 passionibus
599 3451 713 3529 replent,
732 3470 799 3526 qnae
817 3446 1030 3526 contemplantes
1042 3448 1119 3524 quasi
1131 3445 1215 3502 clavis
1232 3443 1267 3501 al·

210 3535 295 3612 figunt
312 3556 344 3592 co
379 3536 478 3592 oribus.

282 3556 410 3693 Quidilno
428 3624 457 3678 ia
475 3621 686 3700 apparitionibus
704 3621 737 3677 fit
758 3620 977 3678 commonstratio
1000 3618 1104 3675 ordinis
1129 3636 1208 3694 quern
1230 3613 1304 3674 ἱε-’λ

209 3715 276 3762 nent
299 3707 344 3781 qni
368 3709 576 3782 conspiciuntur.
621 3707 661 3763 dii
683 3709 756 3764 circa
779 3727 809 3762 sc
832 3705 899 3761 deos
923 3702 967 3759 vel
994 3702 1103 3780 angelos
1131 3703 1267 3759 adstantes

210 3791 317 3847 habent.
365 3789 516 3868 archangeli
534 3791 689 3849 adsciscunt
706 3792 759 3848 sibi
777 3789 846 3846 alios
864 3787 973 3865 angelos
991 3784 1035 3844 vel
1055 3798 1267 3865 praecurrentes,

211 3888 256 3934 aut
275 3875 356 3933 simul
373 3879 402 3931 in
420 3876 515 3934 eodem
538 3877 633 3934 ordine
657 3879 837 3935 consistentes
860 3883 906 3929 aut
928 3883 1086 3949 sequentes,
1110 3876 1168 3933 sive
1190 3873 1268 3930 aliam

212 3962 326 4039 aliquam
345 3962 498 4039 angelorum
516 3963 622 4019 turbam
639 3966 773 4037 tamquam
795 3956 934 4015 satellites.
986 3958 1072 4036 angeli
1093 3979 1158 4038 prae
1180 3979 1210 4015 se
1233 3955 1268 4012 le·

213 4058 275 4105 runt
294 4068 375 4126 opera
394 4050 551 4107 ordiniano
570 4049 600 4103 in
623 4068 677 4124 quo
702 4046 798 4103 sedent
820 4048 998 4121 congruentia.
1043 4045 1186 4103 daemones
1204 4042 1268 4099 boui

213 4133 341 4190 exhibent
359 4155 440 4212 opera
459 4156 516 4205 sua,
535 4143 562 4190 et
579 4133 649 4190 bona
668 4133 765 4209 quibus
784 4150 834 4188 nos
853 4131 954 4188 donant
966 4129 1164 4209 conspicienda.
1208 4125 1268 4183 dae·

212 4239 305 4299 mones
323 4219 425 4278 ultores
444 4220 639 4299 suppliciorum
656 4220 730 4276 varia
746 4237 842 4294 genera
859 4217 1012 4277 ostendunt.
1061 4215 1108 4271 alii
1125 4212 1267 4271 daemones

1066 4319 1103 4374 θλ
