2776 4876
200 980 319 1040 Thomas
338 982 415 1041 Galei
434 983 567 1041 dedicatio
592 995 619 1041 et
637 983 774 1063 praefatio.
812 983 922 1053 Oxonii,
944 987 1020 1042 1678.
1050 982 1096 1041 lol.

574 1148 723 1156 -m—..a

473 1360 563 1436 Viro
589 1360 815 1460 amplissimo

291 1532 294 1539 ·
369 1482 464 1558 Dno.
497 1482 665 1581 Josepho
699 1480 925 1556 Williamson

507 1603 632 1702 Equiti
657 1612 786 1677 aurato

408 1725 649 1800 Serenissimo
675 1722 809 1799 Oarolo
835 1724 882 1798 Π.

326 1849 420 1948 Mag.
446 1849 582 1922 Britan.
608 1847 715 1922 Fran.
742 1858 780 1923 et
804 1846 967 1948 Hybern.

600 1968 693 2069 Regi

165 2092 199 2164 A
224 2089 394 2166 Oonciliis
421 2091 674 2182 sanctioribus,
700 2100 738 2165 et
761 2118 784 2165 a
803 2089 960 2167 Secretis
985 2089 1125 2181 Status3

558 2211 735 2289 Necnon

471 2333 664 2409 Societatis
689 2332 825 2434 Regiae

525 2452 767 2530 Londinensis

289 2576 346 2651 De
372 2576 531 2653 Scientia
555 2575 723 2652 Naturali
748 2577 1002 2678 promovenda

429 2698 594 2785 Praesidi
623 2699 860 2800 Dignissimo.

205 2964 417 3029 Diverterunt
439 2964 479 3028 ad
504 2987 562 3042 me,
585 2968 634 3028 vir
656 2964 862 3049 amplissime,
891 2985 960 3028 nou
982 2968 1025 3028 ita
1049 2962 1172 3048 pridem

115 3078 222 3162 magni
251 3075 442 3161 nobilesque
469 3075 653 3162 philosophi
678 3078 877 3162 Porphyrius
909 3088 941 3141 et
962 3075 1171 3152 lamblichus,

116 3199 201 3252 secta
231 3187 404 3266 Platonici,
433 3200 532 3276 gente
561 3189 647 3274 Syri.
693 3188 825 3253 biduum
854 3192 906 3252 rix
935 3189 1071 3264 abierat,
1101 3208 1171 3250 cum

116 3299 329 3387 intelligerem
352 3303 463 3384 agitari
486 3304 570 3365 inter
586 3321 644 3364 eos
662 3305 869 3384 quaestiones
883 3297 1066 3376 nonnullas,
1090 3317 1171 3382 quae

115 3412 191 3475 mihi
213 3411 342 3496 quidem
365 3433 490 3496 semper
513 3415 600 3476 visae
628 3423 704 3477 sunt
733 3409 953 3498 perdifficiles,
982 3412 1170 3498 magnisque

117 3523 259 3588 tenebris
282 3524 416 3589 obsitae.
462 3524 672 3610 disputabant
695 3528 778 3589 enim
794 3524 836 3589 de
850 3521 979 3609 augelis,
1002 3520 1043 3586 de
1058 3523 1170 3599 anima,

114 3637 293 3721 prophetia,
320 3636 532 3723 providentia,
563 3635 605 3700 de
627 3635 858 3700 sacrificiorum
886 3644 919 3700 et
940 3655 1070 3721 precum
1094 3655 1195 3712 usas

116 3752 192 3812 item
214 3747 256 3813 de
278 3746 382 3813 libero
407 3747 540 3813 arbitrio
565 3757 597 3813 et
618 3749 755 3812 bominis
779 3746 931 3811 felicitate
955 3745 1073 3811 alama.

202 3861 265 3924 Hic
291 3881 354 3949 ego
383 3880 522 3924 mecums
550 3859 658 3924 lumen
685 3859 725 3924 ab
756 3862 895 3924 oriente!
924 3882 1012 3924 nuno
1040 3857 1170 3924 tandem

114 3975 191 4036 istas
215 3973 364 4038 tenebras
378 3974 421 4036 iri
435 3970 605 4058 depulsum
620 3971 759 4038 confido.
805 3981 1008 4058 processerat
1021 3975 1083 4037 iam
1099 3971 1170 4035 lon·

113 4083 260 4171 giuscule
283 4083 476 4169 disputatio,
505 4094 539 4150 et
559 4083 657 4150 video
679 4107 792 4170 pmnm
813 4087 899 4150 inter
925 4106 962 4150 sa
983 4084 1168 4149 convenae.

115 4195 322 4279 quamobrem
346 4208 460 4262 auctor
483 4199 532 4262 eis
552 4196 608 4276 lui,
629 4206 668 4262 ut
682 4208 747 4264 tam
760 4197 901 4263 nobilem
917 4197 1169 4262 controversiam
