2776 4876
207 348 233 411 b,
245 347 279 399 18
1212 351 1268 407 828

205 502 376 586 συμμιγεὶς
403 494 486 583 πρὸς
514 497 557 566 τά
586 498 724 587 σώματα
752 503 808 567 καί
837 505 895 582 τῆς
922 507 1077 587 γενέσεως
1111 502 1267 591 ἐχόμενος

206 608 355 696 ἁρμόζει,
379 610 438 697 οὑχ
460 608 552 690 ὅστις
573 616 663 680 ἐστὶν
684 607 786 690 άυλος
807 615 975 690 παντελῶς
996 617 1052 680 καὶ
1076 612 1263 698 ἀσώματος.

171 734 187 786 ³
207 721 227 789 ὁ
249 725 310 807 μέυ
331 718 396 810 γὰρ
418 718 575 812 καθαρὸς
596 721 785 810 ὑπερέχεται
798 726 965 801 παντελῶς
982 727 1038 790 καὶ
1053 729 1143 791 ἐστιν
1157 723 1264 813 ὀισάμ-

206 857 333 919 μετρος,
357 832 375 900 ὁ
399 835 433 901 δέ
455 843 526 912 τοῖς
548 831 680 919 σώμασι
693 831 947 923 προσχρώμενος
965 837 1021 900 καὶ
1036 843 1111 913 ταῖς
1127 832 1183 903 διά
1197 839 1263 906 τῶν

207 940 369 1028 σωμάτων
390 942 555 1029 δυνάμεσι,
584 941 718 1012 πάντων
738 941 886 1030 μάλιστά
908 951 978 1012 ἐστι
1000 950 1265 1030 συγγενέστατος,

172 1070 189 1122 t
208 1052 348 1132 δυνατὸς
369 1057 429 1139 μέν
450 1061 598 1140 ἐμποιεῖν
619 1053 712 1133 τινας
727 1054 906 1145 εὐπραγίας
921 1061 966 1133 είς
979 1051 1040 1122 τδν
1053 1058 1140 1141 βίον,
1163 1061 1263 1126 δυνα-

207 1161 265 1242 τὸς
287 1166 321 1232 δέ
344 1163 539 1253 ἀποτρέπειν
561 1170 617 1234 καὶ
632 1162 693 1244 τάς
712 1169 927 1250 ἐνισταμένοις
941 1169 1156 1255 δυσπραγίας,
1178 1191 1260 1253 συμ-

209 1278 348 1360 μετρίαν
370 1278 404 1343 δέ
427 1280 484 1343 καὶ
504 1281 622 1364 κρᾶσιν
644 1279 690 1360 τῷ
712 1277 832 1360 θνητῷ
853 1281 938 1360 γένει
958 1275 1189 1366 παρεχόμενος.

173 1399 190 1450 ἐ
298 1385 384 1452 Κατ’
405 1381 510 1468 άλλην
520 1391 645 1454 τοίνυν
659 1389 818 1476 διαίρεσιν
839 1385 861 1468 ἡ
883 1385 989 1468 πολλὴ
1004 1393 1065 1474 μέν
1079 1387 1180 1474 ἀγέλη
1197 1392 1262 1457 τῶν
1281 1392 1319 1454 18

209 1494 402 1581 ἀνθρώπων
423 1495 642 1564 ὑποτέτακται
661 1493 727 1565 ὑπὸ
749 1494 811 1578 τὴν
833 1494 941 1585 φύσιν,
971 1509 1127 1589 φυσικαῖς
1148 1524 1184 1566 τε
1206 1503 1262 1567 δυ·

208 1605 328 1691 νάμεσι
356 1610 532 1686 διοικεῖται
561 1609 617 1674 καί
644 1605 732 1674 κάτω
761 1604 844 1694 πρὸς
870 1604 914 1674 τά
941 1612 1000 1688 τῆς
1028 1606 1156 1700 φὺσεας
1184 1613 1264 1698 έργα
1323 1595 1327 1601 ’

157 1727 192 1778 12
209 1721 331 1802 βλέπει,
354 1721 542 1803 συμπληροῖ
562 1742 597 1784 τε
619 1721 679 1799 τῆς
705 1722 902 1805 εἱμαρμένης
923 1715 985 1798 τὴν
1012 1722 1181 1800 διοίκησιν,
1209 1724 1265 1789 καλ

212 1831 278 1895 τῶν
305 1827 390 1894 καθ’
409 1833 609 1917 εἱμαρμένην
636 1831 891 1912 ἐπιτελουμένων
919 1831 1046 1915 δέχεται
1072 1825 1134 1912 τὴν
1162 1828 1265 1913 τάξιν,

209 1935 388 2028 πρακτικόν
409 1963 444 2005 τε
466 1934 626 2024 λογισμὸν
647 1937 700 2005 ἀεὶ
722 1949 864 2006 ποιεῖται
885 1942 959 2028 περὶ
973 1938 1085 2026 μόνων
1099 1945 1165 2010 τῶν
1179 1938 1264 2009 κατά

158 2066 193 2116 16
213 2047 321 2142 φύσιν.
368 2048 475 2136 ὀλίγοι
496 2052 531 2116 δέ
554 2074 639 2127 τινες
659 2049 818 2142 ὑπερφυεῖ
839 2047 881 2130 δή
902 2074 967 2116 τινι
980 2049 1118 2136 δυνάμει
1131 2057 1191 2120 τοὺ
1205 2054 1266 2121 νοῦ

206 2157 379 2247 χρώμενοι,
400 2164 460 2242 τῆς
481 2158 610 2250 φύσεως
630 2164 691 2245 μέν
711 2159 931 2251 ἀφίστανται,
958 2157 1042 2248 πρὸς
1063 2159 1107 2229 δέ
1119 2160 1180 2230 τὸν
1198 2187 1265 2248 χοι-

211 2267 324 2358 ριστδν
357 2255 415 2339 καὶ
442 2270 545 2357 ἀμιγῆ
581 2274 660 2338 νοῦν
687 2268 916 2359 περιάγονται,
952 2276 1069 2350 οἵτινες
1102 2270 1175 2357 ἅμα
1209 2277 1265 2341 ναί

283 2517 307 2568 1.
334 2515 466 2585 συμμιγὴς
483 2513 537 2567 Ac.
640 2514 726 2567 6-7.
754 2517 791 2574 είς
809 2513 856 2567 τὸν
873 2515 1143 2586 βίον-δυσπραχίας
1160 2533 1212 2566 om.
1231 2509 1264 2568 0.

283 2603 307 2652 7.
335 2598 517 2672 ίνισταμίτας]
536 2601 700 2668 ἐγγεζομίντες
724 2598 788 2652 (tata
805 2613 860 2652 not.
949 2603 974 2654 t.
1001 2595 1071 2655 καθ’
1085 2595 1178 2667 ἄλλην]
1198 2621 1266 2652 κατ-

282 2686 380 2755 άλληλα
397 2685 476 2740 BCD.
498 2680 510 2754 ΙΙ
531 2687 658 2758 διαίρεσις
675 2686 707 2738 Β.
826 2687 868 2739 13.
895 2682 1112 2756 ἐπιτελουμένου]
1130 2685 1166 2738 sic
1185 2684 1265 2750 Aen,

282 2774 339 2826 luel
356 2769 407 2825 νῦν
425 2774 582 2842 τελουμένων
601 2771 633 2824 Ο.
744 2772 784 2823 14.
812 2775 922 2839 ποιῆται
940 2770 970 2826 C.
1077 2771 1119 2824 16.
1145 2766 1267 2841 cloccari-

279 2877 373 2910 τοντειι
389 2856 471 2910 Aen.

213 3077 357 3155 adspirare.
402 3078 483 3153 igitur
494 3079 522 3133 in
535 3076 687 3134 istiusmodi
699 3078 779 3134 rebus
796 3097 934 3135 saeromm
945 3077 1041 3134 modus
1053 3081 1078 3133 is
1086 3080 1141 3132 erit
1153 3080 1266 3136 maxime

213 3181 352 3237 congruus,
371 3162 418 3237 qui
436 3183 496 3220 cum
508 3164 667 3241 corporibus
679 3173 707 3219 et
718 3165 888 3240 generatione
906 3164 1094 3220 commercium
1105 3159 1194 3229 babet,
1212 3181 1266 3218 non

213 3249 259 3322 qui
276 3255 319 3302 est
337 3267 351 3302 a
369 3249 479 3304 materia
497 3258 525 3305 et
542 3249 701 3327 corporibus
718 3268 830 3327 prorsus
842 3248 952 3306 alienus.
998 3245 1133 3322 siquidem
1148 3247 1266 3304 immate-
1330 3247 1334 3252 ’

213 3332 286 3388 rialis
308 3331 355 3390 ille
381 3336 489 3391 omnino
514 3333 577 3390 talia
603 3336 784 3410 supereminet
808 3354 895 3410 neque
917 3332 1040 3389 adhaec
1063 3335 1266 3408 proportionem

211 3418 300 3486 habet,
319 3421 365 3495 qni
383 3440 448 3477 vero
467 3419 625 3497 corporibus
642 3419 791 3496 bonumque
807 3420 910 3476 viribus
928 3420 1021 3485 utitur,
1039 3425 1082 3472 cst
1098 3416 1179 3473 rebus
1198 3419 1266 3475 eius·

211 3503 285 3560 modi
304 3506 421 3560 omnium
438 3501 518 3580 longe
536 3506 748 3580 cognatissimus,
769 3515 913 3582 potestque
930 3506 1001 3558 ritae
1019 3500 1147 3578 quasdam
1170 3521 1267 3580 suppo·

213 3588 300 3644 ditare
318 3588 531 3657 commoditates,
549 3598 577 3645 et
594 3591 725 3647 instantes
736 3610 862 3649 amovere
873 3587 1045 3654 calamitates,
1063 3589 1266 3664 proportionem
1360 3603 1369 3616 ·

213 3683 241 3729 et
257 3683 496 3750 temperamentum
511 3673 669 3731 mortalibus
685 3675 863 3754 procurando.

283 3756 328 3813 Sit
345 3767 373 3813 et
391 3756 443 3814 alia
460 3757 572 3816 divisio:
594 3762 707 3817 maxima
725 3759 863 3817 bominum
884 3759 960 3815 turba
984 3768 1093 3816 naturae
1114 3758 1265 3829 subiicitur,
1285 3756 1323 3818 18

213 3845 325 3919 eiusque
342 3844 473 3920 potentiis
490 3845 665 3920 gubernatur,
687 3847 826 3921 vergitque
843 3843 899 3900 iere
915 3843 950 3900 ud
968 3853 1077 3901 naturae
1099 3863 1193 3922 opera,
1218 3844 1265 3902 lati

211 3928 284 4004 leges
303 3928 401 4006 explet,
420 3931 577 4008 cogiturque
593 3933 622 3986 in
640 3929 761 3988 ordinem
779 3948 869 3985 earum
886 3948 976 3986 rerum
994 3950 1062 4007 quae
1077 3928 1131 3986 lato
1142 3930 1219 3998 flunt,
1237 3939 1266 3987 et

212 4016 358 4091 practicam
374 4016 506 4071 rationem
517 4016 546 4072 in
557 4013 625 4072 solis
636 4013 802 4072 naturalibus
814 4014 895 4072 rebus
907 4026 1022 4073 exercet
1066 4017 1145 4094 pauci
1156 4015 1265 4071 interim

211 4110 276 4156 sunt
293 4101 341 4176 qui
358 4101 554 4177 supernaturali
572 4102 670 4158 mentis
687 4103 730 4156 usi
740 4102 868 4177 potentia,
887 4112 1007 4158 naturam
1018 4098 1264 4178 supergrediuntur,

212 4185 246 4243 ad
263 4194 413 4263 separatam
429 4205 576 4262 puramque
592 4196 708 4244 mentem
730 4185 911 4264 adspirantes,
934 4190 980 4263 qui
1003 4183 1264 4265 proindepotentiis
