2776 4876
212 359 263 412 174
1194 357 1267 421 3,30

213 521 281 580 ἐστι
303 508 515 578 παντάπασιν
539 509 764 596 εὐμετάβλητα
786 513 842 578 καί
864 505 931 577 ἀπὸ
954 514 1020 577 τῶν
1035 510 1161 591 ἔξωθεν
1176 511 1268 594 κινή-

213 649 297 692 σεων
319 628 483 700 παντοίως
505 630 740 710 μετατρέπεται
762 620 844 690 ῶστε
867 619 954 711 ἀρχά
978 618 998 703 ἢ
1021 619 1267 710 χρηματιστικαὶ

211 732 233 816 ἢ
255 731 469 820 ίπαγμελτικά
492 731 514 814 ἢ
536 731 754 800 ὲπιτελεστικά
769 733 791 816 ἢ
807 729 924 800 άλλοτε
940 733 1267 818 άλλοῖαράποτελεῖσ-
1285 751 1300 802 3

211 850 284 926 θαι,
308 849 376 923 πῶς
398 850 502 912 ἔνεστι
523 850 629 912 ταῦτα
651 842 713 912 κάν
735 849 854 931 μικρῶς
876 840 966 923 τινὸς
980 850 1124 933 μετέχειν
1139 853 1175 913 ὲν
1189 853 1268 914 iav-

210 970 280 1035 τοῖς
302 961 403 1036 θείας
426 957 609 1043 δυνάμεωςς
638 962 670 1023 τί
692 949 759 1037 οὖν,
788 963 824 1023 αἱ
853 960 987 1023 ὲνοῶσαι
1009 962 1045 1022 ἐν
1072 968 1146 1037 ταῖς
1172 955 1268 1037 ὕλαις

211 1066 365 1153 δυνάμεις
387 1078 532 1155 στοιχεῖα
555 1074 621 1135 τῶν
636 1065 804 1155 δαιμόνων
819 1072 917 1151 εῖσίνς
941 1066 981 1135 οὐ
996 1071 1057 1154 μὲν
1072 1060 1146 1136 οὖν’
1170 1068 1266 1137 οὐδὲν
1284 1087 1302 1137 6

209 1175 274 1268 γάρ
297 1183 362 1246 τῶν
384 1177 469 1246 κατά
484 1186 582 1269 μέρος
597 1181 772 1261 αἰσθητῶν
787 1177 947 1265 σωμάτων
968 1184 1070 1265 γεννᾷ
1084 1184 1265 1267 δαίμονας·

210 1286 295 1359 πολὺ
317 1295 352 1359 δὲ
373 1295 504 1378 μᾶλλον
525 1297 630 1359 ταῦτα
652 1293 810 1377 γεννᾶταί
838 1315 872 1357 τε
901 1294 958 1357 καὶ
979 1303 1173 1381 φρουρεῖται
1199 1285 1265 1357 ὑπὸ

210 1409 275 1471 τῶν
297 1403 472 1489 δαιμόνων.
1176 1408 1178 1412 ⁴
1285 1421 1302 1472 9

297 1515 382 1581 Ἀλλ’
403 1515 478 1583 οὐδὲ
501 1511 685 1601 ἄνθρωπός
707 1539 756 1592 τις
778 1511 906 1582 πλάσαι
927 1512 1067 1582 δύναται
1093 1511 1201 1604 ὥσπερ
1231 1520 1265 1579 ἐκ

211 1630 364 1712 μηχανῆς
388 1624 556 1712 δαιμόνων
578 1621 671 1702 τινάς
692 1624 838 1717 μορφάς,
861 1625 947 1693 ἀλλὰ
967 1621 1005 1693 τὸ
1027 1622 1194 1693 ἀνάπαλιν
1210 1624 1267 1691 σίν

210 1733 268 1814 τὸς
289 1741 418 1823 μᾶλλον
441 1735 623 1802 πλάσσεται
649 1740 705 1802 καὶ
734 1739 979 1826 δημιουργεῖται
1007 1734 1072 1805 ὑπὸ
1098 1741 1163 1804 τῶν
1192 1738 1266 1802 δαι-
1286 1750 1320 1800 12

210 1846 334 1932 μόνων,
355 1847 438 1914 καθ’
460 1846 541 1915 ὅσον
563 1849 731 1928 αἰσθητοῦ
753 1847 905 1933 σώματος
926 1856 1059 1936 μετέχει.
1096 1847 1169 1914 ἀλλ’
1190 1846 1266 1914 οὐδὲ

211 1966 246 2026 ἐκ
269 1963 438 2047 στοιχείων
459 1963 524 2025 τῶν
548 1962 723 2040 αἰσθητῶν
752 1967 1049 2051 συμπεφορημένον
1076 1985 1108 2026 τι
1129 1961 1266 2039 πλῆθος

211 2070 434 2155 άπογεννῶται
456 2066 495 2137 τό
519 2068 700 2154 δαιμόνιον,
723 2067 809 2136 ἀλλά
831 2074 932 2138 πλέον
952 2069 1103 2157 θάτερον
1124 2066 1209 2135 αὐτό
1230 2074 1266 2135 τέ
1286 2089 1318 2140 15

211 2189 300 2248 ἐστιν
327 2179 456 2249 άπλοῶν
484 2186 541 2247 καὶ
569 2184 643 2268 περὶ
672 2177 714 2246 τά
743 2179 894 2248 σύνθετα
928 2184 1106 2268 μονοειδῶς
1133 2187 1266 2268 ἐνεργεῖ.

211 2289 297 2359 ὅθεν
319 2289 360 2375 δὴ
384 2291 458 2360 οὐδὲ
481 2289 685 2380 πρεσβύτερα
708 2293 770 2373 ἕξει
797 2289 839 2359 τά
868 2290 1021 2375 αἰσθητά
1049 2296 1168 2360 ἑαυτοῦ
1190 2291 1267 2359 οὐδὲ

209 2401 429 2493 μονιμώτερα,
457 2403 531 2471 ἀλλ’
558 2400 640 2470 αὐτὸ
669 2406 828 2492 πρεσβεία
858 2408 914 2472 καὶ
942 2401 1077 2490 δυνάμει
1105 2407 1266 2496 διαφέρον
1286 2417 1319 2468 18

281 2640 305 2690 2.
334 2641 450 2695 παντίως
467 2637 501 2688 D.
608 2640 633 2689 4.
661 2637 793 2708 μετέχειν]
816 2638 850 2690 sic
868 2641 892 2691 A
910 2655 933 2691 et
951 2659 1037 2705 margo
1054 2638 1086 2702 B,
1113 2641 1209 2706 μετέχῃ
1230 2639 1264 2690 Ο.

282 2727 306 2776 5.
335 2725 362 2775 τί
381 2713 436 2786 οὖν,
456 2728 486 2775 αῖ
503 2721 610 2777 ἐνοῦσαι
626 2723 687 2791 etc]
712 2714 863 2788 „videndum
888 2746 971 2778 annon
991 2727 1050 2777 baec
1073 2726 1103 2776 ad
1122 2744 1176 2794 cap.
1189 2724 1266 2775 XXII

281 2808 445 2877 pertineant.“
469 2808 532 2860 Gale
550 2825 601 2862 not.
703 2814 728 2865 8.
756 2834 784 2866 τε
804 2833 855 2865 om.
874 2813 907 2865 0.
1010 2813 1051 2864 15.
1082 2806 1164 2870 αῶτός
1184 2809 1266 2862 Act).

283 2897 325 2947 16.
354 2897 399 2947 καὶ
417 2892 490 2966 περὶ]
509 2894 545 2946 sic
563 2896 643 2961 Act),
670 2901 716 2952 nol
732 2900 768 2953 τά
787 2902 847 2972 περὶ
865 2899 898 2953 0.
984 2900 1026 2951 17.
1053 2901 1179 2969 πρόσβεια
1198 2896 1228 2946 Β.

212 3112 301 3158 tantur
319 3111 347 3158 et
365 3105 488 3161 externis¹
501 3105 616 3161 motibus
630 3105 696 3162 adeo
709 3104 787 3164 facile
798 3106 944 3163 alterantur
955 3114 985 3161 ut
997 3104 1111 3162 evadant
1122 3103 1267 3180 aliquando

211 3210 278 3246 vana
296 3189 340 3245 vel
358 3199 451 3245 contra
469 3188 577 3247 fatidica
594 3202 640 3246 aut
658 3194 832 3270 significativa
851 3204 896 3249 aut
919 3194 1041 3250 effectiva
1064 3202 1092 3249 et
1114 3189 1179 3247 alias
1204 3189 1265 3260 alia,

212 3279 258 3352 qui
275 3285 391 3354 possunt
408 3276 474 3333 haec
491 3275 536 3332 vel
553 3277 686 3334 tantillum
704 3281 732 3334 in
745 3299 775 3336 se
787 3278 885 3336 babere
897 3280 1003 3338 divinae
1018 3278 1171 3357 potentiae?
1200 3276 1266 3354 quid

211 3363 306 3439 igitur?
334 3383 367 3418 an
384 3365 521 3439 potentiae
540 3367 607 3439 quae
625 3367 744 3421 materiis
761 3368 853 3422 insunt
870 3366 1000 3423 elementa
1016 3365 1189 3422 daemonibus
1202 3384 1266 3419 con·

210 3449 334 3506 ficiendis
357 3450 511 3526 praestant?
538 3448 612 3505 nullo
635 3450 723 3506 modo.
768 3450 841 3508 nulla
864 3455 935 3508 euim
957 3450 1127 3529 particularia
1150 3469 1265 3528 corpora

210 3545 325 3612 possunt
341 3555 467 3611 generare
485 3535 640 3592 daemonas:
661 3538 742 3593 immo
759 3540 851 3615 potius
869 3541 928 3616 ipsa
951 3560 966 3594 a
990 3537 1164 3594 daemonibus
1187 3557 1266 3613 geue·

211 3630 304 3675 rantur
322 3630 350 3675 et
367 3631 567 3678 conservantur.
1141 3634 1144 3639 '

281 3704 338 3761 Sed
355 3727 404 3764 nec
423 3712 563 3785 quisquam
581 3708 718 3764 hominum
734 3719 826 3786 potest
843 3710 940 3767 formas
959 3711 1118 3767 daemonum
1130 3721 1264 3788 tamquam

211 3812 226 3848 e
244 3789 365 3847 machina
382 3793 495 3870 lingere3
519 3795 567 3851 sed
585 3797 645 3873 ipse
662 3797 753 3872 potius
776 3797 808 3852 ab
830 3799 891 3854 istis
909 3797 1184 3874 tingitur‚,quatenus
1206 3816 1265 3853 cor·

210 3897 278 3955 pore
305 3879 389 3934 utitur
415 3880 545 3937 sensibili.
595 3881 645 3938 sed
666 3902 715 3939 nec
737 3881 881 3940 multorum
903 3883 1096 3940 elementorum
1118 3903 1264 3940 concursus

210 3963 379 4019 daemonium
397 3975 513 4039 generat,
531 3967 580 4023 sed
598 3977 625 4024 et
642 3970 733 4046 potius
753 3989 786 4026 ex
803 3968 886 4025 altera
902 3980 979 4047 parte
990 3972 1079 4047 ipsum
1091 3970 1206 4047 simplex
1222 3979 1265 4025 est

211 4060 238 4106 et
255 4048 422 4106 uniformiter
439 4052 510 4106 circa
528 4057 675 4130 composita
697 4064 833 4133 operatur.v
873 4055 944 4112 unde
962 4058 1084 4132 sequitur
1106 4077 1160 4112 non
1181 4077 1265 4134 posse

210 4134 347 4192 sensibilia
366 4155 398 4191 eo
417 4156 478 4192 esse
494 4143 688 4212 praestantiora
706 4152 751 4197 aut
769 4141 943 4210 durabiliora,
967 4142 1017 4200 sed
1034 4145 1123 4220 ipsum
1145 4152 1202 4198 tum
1221 4163 1266 4200 ex·

210 4219 333 4279 cellentia
351 4232 407 4281 tom
425 4224 546 4301 potentia
564 4224 738 4284 sensibilibus
755 4240 895 4305 praestans
913 4228 960 4285 dat
977 4231 1011 4286 iis
1024 4229 1154 4307 quiequid
1166 4241 1265 4306 capere
