2776 4876
139 326 176 381 88
1144 318 1196 379 ‘M

142 476 308 568 ἄχραντον
336 474 540 543 κατάστασιν
568 472 689 561 νοεράν
717 497 751 539 τε
786 476 936 559 θεωρίαν
970 475 1026 537 καὶ
1056 469 1198 557 δύναμιν

141 587 303 679 ἄτρεπτον
316 581 653 675 παραλαμβάνουσιν·
676 587 729 650 ἐπὶ
744 585 780 651 δὲ
795 585 859 649 τῶν
874 581 1020 667 άχχίλων
1036 577 1098 662 τὴν
1112 577 1198 647 κατά

141 698 242 787 λόγον
264 703 390 791 σοφίαν
411 701 467 765 καὶ
489 693 664 778 ἀλήθειαν,
687 691 807 782 ἀρετήν
830 718 863 759 τε
886 688 1049 781 καθαράν
1071 697 1127 760 καὶ
1141 694 1232 778 χλι-3

140 814 245 899 βαίαν
258 813 380 897 γνῶσιν
394 812 451 875 καί
465 805 559 888 τάξιν
574 803 761 894 σύμμετρον
775 803 1095 893 μεταλαχχάνονσιν
1115 800 1199 872 ὅταν

142 925 176 991 δὲ
199 917 275 1000 τοὺς
298 922 461 1006 δαίμονας
483 919 665 1004 θεωρῶσιν,
688 913 794 1000 ὄρεξιν
817 917 875 996 τῆς
897 921 1051 999 γενέσεως
1067 918 1200 995 καὶτῆς

142 1031 271 1126 φάσεως
293 1032 478 1117 ἐπιθυμίαν
500 1033 565 1096 τῶν
588 1051 623 1094 τε
645 1025 730 1093 καθ’
750 1030 949 1113 εἱμαρμένην
979 1030 1083 1115 έρχων
1111 1025 1233 1095 aino-6

141 1142 320 1233 πλήρωσιν,
347 1138 489 1226 δύναμίν
510 1164 544 1206 τε
568 1133 821 1218 άποτελτστικὴν
846 1133 1091 1204 τῶντοιούτων
1113 1133 1199 1225 πρά-

143 1253 223 1335 ξεων
244 1255 505 1342 παραδέχονται·
528 1246 588 1317 ἐάν
610 1252 644 1316 δὲ
666 1245 744 1327 τούς
765 1245 883 1337 ἥρωας,
906 1243 994 1314 άλλα
1010 1272 1044 1314 τε
1059 1251 1199 1315 τοιαῦτα

142 1362 216 1447 ἤδη
233 1363 471 1456 ἀποφέρονται,
493 1365 549 1427 καὶ
565 1363 630 1427 τῶν
645 1357 875 1427 διατεινόντων
890 1365 934 1436 είς
949 1356 1010 1440 τήν
1024 1361 1200 1425 κοινωνίαν
1218 1374 1234 1424 t

141 1479 257 1565 ψυχῶν
271 1470 379 1541 πολλὰ
395 1468 637 1556 σπουδάσματα
651 1467 981 1556 μεταλαμβάνουσιν·
998 1468 1095 1551 ἡνίκα
1112 1467 1141 1535 δ’
1156 1462 1201 1535 ῶν

143 1598 214 1664 τοῖς
235 1582 394 1671 άρχουσιυ
416 1581 631 1662 ίνάπτωνται,
652 1584 807 1667 κοσμικαὶ
828 1578 970 1662 κινήσεις
992 1576 1016 1661 ἢ
1038 1583 1147 1649 ’έννλοι
1161 1583 1201 1669 τῇ

143 1699 232 1789 ψυχῇ
253 1700 490 1781 συγκινοῦνται.
534 1690 617 1778 μετὰ
640 1694 675 1758 δὲ
697 1695 757 1773 τῆς
780 1695 867 1770 θέας
887 1694 953 1759 τῶν
975 1694 1090 1782 ψυχῶν
1111 1714 1200 1776 χενε-
1220 1703 1254 1754 12

144 1803 319 1897 σιουργοιλς
352 1811 479 1897 ἐφέσεις
514 1808 571 1872 καὶ
599 1812 759 1894 συμφυεῖς
787 1788 981 1880 ἐπιστασίας
1009 1803 1201 1890 κομίζονται

145 1923 238 1985 ἕνεκα
261 1921 321 1998 τῆς
342 1921 407 1983 τῶν
430 1912 591 2003 σωμάτων
613 1898 806 2000 ἐπιμελείας,
828 1908 914 1980 ἄλλα
936 1937 970 1981 τε
994 1910 1059 1980 ὅσα
1075 1909 1201 1979 τούτων

144 2031 234 2096 λστλν
257 2026 407 2115 ἐχόμενα.
1221 2044 1253 2095 15

233 2135 311 2206 Σίνν
333 2133 375 2219 δὴ
397 2135 525 2215 τούτοις
542 2137 563 2218 ἡ
578 2140 638 2221 μὲν
652 2138 718 2202 τῶν
733 2138 824 2202 θεῶν
840 2133 1016 2227 ἐπιφάνεια
1032 2132 1201 2217 ἀλήθειαν

143 2253 277 2339 παρέχει
291 2253 347 2316 καὶ
362 2246 510 2335 δύναμιν,
526 2251 628 2336 ίρχων
642 2271 677 2314 τε
689 2243 917 2334 κατορθώσεις
924 2250 980 2314 καὶ
991 2243 1099 2324 δόσεις
1116 2245 1201 2330 elya-

144 2363 220 2427 θῶν
243 2362 414 2447 μεγίστων,
437 2359 458 2440 ἡ
481 2361 516 2426 δὲ
538 2361 603 2426 τῶν
619 2354 727 2425 άλλων
742 2353 786 2423 τά
801 2355 971 2446 σύμμετρα
986 2362 1038 2424 ἐπὶ
1053 2360 1112 2438 τῆς
1126 2354 1202 2422 ἑκά·
1220 2372 1254 2423 18

215 2592 239 2644 ³.
266 2588 378 2661 σοφίαν]
397 2590 559 2660 φιλοσοφίαν
578 2587 607 2639 C.
662 2589 686 2641 6.
699 2590 724 2640 t.
753 2585 943 2661 άπαπλὴρωσις
962 2588 1018 2641 CD.
1072 2591 1098 2642 t.
1127 2585 1201 2641 άπο-

214 2679 355 2746 φαίνονται
372 2675 406 2728 D.
478 2676 521 2726 11.
550 2673 678 2742 κοσμικὰς
703 2673 806 2728 ancl).
828 2671 840 2744 ΙΙ
861 2674 964 2736 ἐνάλους
983 2677 1021 2735 Α,
1047 2676 1125 2726 rata
1144 2673 1201 2736 BD,

214 2764 304 2814 tanton
323 2758 352 2814 C.
443 2761 485 2813 16.
509 2753 630 2826 άλήθεια
647 2758 679 2810 Β.
770 2760 812 2813 17.
840 2759 885 2827 τε]
904 2761 932 2813 tt
951 2763 983 2812 A.
1074 2760 1117 2812 18.
1145 2774 1201 2811 ante

214 2851 345 2917 μεγίστων
364 2843 436 2896 Act)
456 2845 551 2896 addunt
568 2846 626 2896 τῶν.

146 3062 272 3118 stantiam
292 3059 422 3137 quandam
440 3081 541 3138 puram,
560 3060 813 3139 contemplationem
830 3060 1046 3128 intellectualem,
1064 3071 1091 3116 et
1108 3071 1202 3137 poten·

145 3150 208 3204 tiam
226 3144 430 3205 immutabilem:
455 3146 569 3224 angelis,
592 3149 723 3204 rationem
741 3149 898 3225 sapientiam
916 3149 1056 3203 veritatem
1073 3148 1202 3222 cognitio-

145 3251 206 3289 nem
223 3252 329 3310 puram,
353 3234 480 3288 virtutem
498 3234 615 3300 firmam,
639 3243 882 3310 congruentemque
904 3233 1026 3290 ordinem
1044 3235 1201 3288 sortiuntur.

145 3322 169 3376 si
187 3319 329 3376 daemonas
348 3320 528 3396 conspiciunt,
547 3322 683 3397 accipiunt
694 3320 727 3376 ab
739 3321 774 3376 iis
786 3321 966 3396 generationis
982 3321 1138 3396 appetitum,
1157 3337 1203 3372 aa·

144 3414 221 3462 turae
237 3404 419 3483 cupiditatem,
438 3424 549 3482 opernm
567 3425 635 3480 quae
652 3416 716 3462 sunt
734 3406 785 3463 sub
802 3404 857 3461 lato
876 3416 904 3462 et
921 3404 1055 3462 eiusmodi
1067 3407 1203 3461 actionum

7 3551 32 3576 ο
144 3493 293 3567 potentiam
311 3489 475 3568 adimplendi
493 3490 712 3568 perficiendique.
759 3494 784 3548 si
795 3490 890 3548 heroas
902 3491 1028 3559 viderint,
1047 3488 1203 3548 huiusmodi

146 3575 255 3652 quidem
271 3595 360 3632 mores
379 3586 524 3655 reportant,
543 3577 593 3633 sed
610 3587 638 3632 et
654 3576 773 3633 studium
791 3587 819 3633 et
837 3580 951 3655 impetus
964 3580 1011 3652 qui
1024 3578 1053 3633 in
1065 3576 1203 3632 animabus

145 3660 252 3719 ulvilem
265 3666 495 3719 conversationem
507 3661 691 3719 affectantibus
701 3661 936 3740 deprehenduntur
946 3663 1067 3719 induunt
1095 3662 1203 3739 quando

146 3746 288 3804 archontes
306 3751 491 3826 apparuerint,
514 3757 560 3803 aut
577 3745 703 3803 mundani
721 3758 809 3804 motus
831 3760 877 3805 aut
898 3749 1049 3806 materiales
1071 3768 1124 3804 una
1142 3768 1204 3805 eum

146 3834 233 3888 anima
256 3843 463 3889 commoventur.
511 3843 577 3910 post
597 3836 699 3889 animas
720 3835 793 3891 visae
816 3837 951 3913 appetitus
973 3837 1153 3911 generationis
1176 3845 1204 3890 et

145 3915 293 3976 naturalem
311 3937 454 3995 corporum
472 3937 571 3987 curam,
590 3929 617 3975 et
634 3921 659 3976 si
676 3939 729 3996 qua
746 3930 809 3977 sunt
826 3920 870 3978 his
888 3921 976 3987 affinia
994 3931 1138 3999 reportant,

216 4000 356 4059 Praeterea
375 4003 487 4060 tleorum
504 4004 636 4062 adventus
653 4007 764 4085 praebet
781 4009 929 4075 veritatem,
951 4018 1121 4087 potestatem,
1140 4025 1204 4084 ope·

146 4107 258 4167 rumque
281 4089 409 4168 optimam
433 4091 603 4148 effectionem
629 4094 809 4150 othonorum
835 4096 1010 4151 maximorum
1033 4093 1202 4169 largitiones:

148 4185 296 4233 ceterorum
314 4177 452 4234 numinum
469 4179 601 4255 apparitio
620 4180 677 4236 suis
696 4178 836 4236 ordinibus
854 4183 963 4258 propria
985 4190 1014 4236 et
1031 4180 1203 4255 congruentia
