2776 4876
207 342 232 404 ὁ,
248 342 283 394 14
1207 342 1260 396 alt

209 519 271 562 ονα
293 496 455 572 διελθεῖν,
482 497 538 560 καὶ
560 492 619 559 ἐὰν
642 489 714 560 οἶόν
736 516 770 559 τε
796 485 816 583 ᾖ
844 491 1074 582 γνωριμώτερα
1102 493 1261 583 τεκμήρια

208 611 272 672 τῶν
293 600 358 686 ἤδη
380 610 623 693 προειρημένων
645 605 881 689 παραθέσθαι.

174 729 189 780 ³
293 712 391 801 Ἀρχὴ
408 718 449 783 4δέ
477 720 594 782 πασῶν
623 713 759 804 ἀρίστη,
786 712 808 796 ἢ
838 718 897 796 τῆς
926 719 990 782 τῶν
1021 719 1111 783 θεῶν
1141 713 1262 796 τάξεως
1280 729 1318 787 lt

209 824 267 894 τὸν
290 822 422 912 θεσμὸν
441 829 510 892 τοῖν
532 828 662 894 θυσιῶν
684 823 841 912 ἐχόμενον
869 828 1096 894 ἐπιδείκνυσιν·
1127 822 1267 894 ἄνωθεν

208 929 267 1004 οὑν
289 933 366 1015 τοὺς
387 942 448 1021 μέν
467 936 603 1014 ὑλαλονς
624 940 690 1004 τῶν
711 939 804 1004 θεῶν
825 932 902 1014 τοὺς
924 939 958 1003 δέ
981 935 1103 1014 ἀύλους
1124 933 1264 1004 ὑποθρέ-

173 1051 318 1132 6μεθα·
341 1047 476 1125 ὑλαέονς
497 1051 556 1131 μέν
579 1042 655 1125 τοὺς
678 1045 738 1127 τὴν
761 1045 843 1129 ὑλην
857 1055 1067 1134 περιέχοντας
1082 1055 1118 1115 ἐν
1132 1054 1262 1127 ἑαυτοῖς

208 1162 263 1225 καὶ
286 1161 557 1244 διακοσμοῦντος,
578 1155 699 1236 ἀύλους
721 1161 756 1226 δέ
770 1160 936 1236 παντελῶς
957 1154 1035 1237 τοὺς
1050 1159 1264 1249 ἐξῃρημένους

209 1265 275 1335 ἀπὸ
297 1273 358 1351 τῆς
379 1266 458 1350 ὑλης
479 1272 536 1336 καὶ
558 1267 784 1355 ὑπερέχοντας.
821 1264 907 1334 κατὰ
928 1271 965 1336 δέ
988 1266 1049 1350 τὴν
1070 1274 1137 1337 τῶν
1151 1275 1264 1358 ἱερέων

174 1395 189 1444 9
210 1386 325 1466 τέχνην
348 1375 517 1466 ἄρχεσθαι
535 1374 600 1466 χρὴ
623 1381 688 1445 τῶν
710 1383 919 1469 ἱερουργικῶν
946 1375 1013 1447 ἀπὸ
1037 1385 1103 1447 τῶν
1123 1381 1263 1448 ὑλαέοιν·

211 1490 250 1558 οὑ
275 1490 340 1576 γὰρ
363 1486 406 1557 riv
429 1487 536 1568 ἄλλως
558 1493 611 1557 ἐπὶ
633 1484 709 1566 τοὺς
731 1487 851 1568 ἀύλους
865 1487 969 1570 θεοὺς
990 1497 1118 1576 γένοιτο
1140 1493 1161 1575 ἡ
1184 1491 1264 1561 ἀνύ-

208 1604 318 1686 βασις.
370 1593 464 1669 οὑτοι
490 1596 533 1682 δὴ
562 1591 622 1668 οὑν
650 1603 761 1686 έχουσέ
788 1625 862 1668 τινα
890 1607 1065 1669 κοινωνέον
1092 1599 1176 1689 πρὸς
1202 1600 1266 1683 τὴν

157 1721 191 1773 12
209 1711 291 1792 ύλην
313 1710 468 1777 καθόσον
490 1710 593 1792 αὐτῆς
614 1709 858 1794 ἐπιβεβήκασιν.
904 1718 936 1778 οἱ
958 1712 1054 1779 αὑτοὶ
1076 1709 1117 1793 δὴ
1134 1705 1264 1781 οὖνκαὶ

211 1825 275 1888 τῶν
295 1825 369 1911 περὶ
392 1817 453 1903 τὴν
473 1817 556 1901 ὕλην
578 1828 816 1907 ἐγγιγνομένω
838 1820 1053 1912 ἐπύρχουσιν,
1083 1819 1157 1891 οἷον
1179 1828 1264 1893 διαι-

209 1936 337 2020 ρέσεων,
358 1935 485 2016 πληγῆς
507 1929 702 2016 ἀντιτύπου,
728 1936 917 2019 μεταβολῆς
942 1940 1096 2021 γενέσεως
1123 1937 1264 2026 φθορᾶς

157 2061 190 2110 15
209 2040 341 2110 πάντων
363 2045 428 2110 τῶν
451 2040 572 2110 ένύλων
594 2041 765 2129 σωμάτων.

296 2157 342 2221 El
364 2151 404 2235 δή
419 2179 468 2232 τις
482 2150 560 2231 τοὺς
573 2150 742 2231 τοιούτους
756 2153 911 2238 βούλοιτο
927 2155 1126 2246 θεραπεύειν
1141 2160 1264 2247 θεουρ·

209 2267 314 2347 γικῶς,
337 2257 356 2355 ᾖ
378 2262 546 2355 πεφύκασι
567 2269 623 2329 καὶ
645 2255 664 2354 ᾗ
687 2261 747 2344 τὴν
762 2264 867 2353 ἀρχὴν
883 2265 1031 2351 εἰλήχασι
1045 2265 1145 2359 ταύτῃ
1159 2290 1263 2353 προσ-

282 2474 305 2525 1.
332 2470 522 2542 γνορημύτερα
540 2472 573 2522 D.
597 2465 610 2539 ΙΙ
633 2485 689 2540 post
707 2469 836 2544 τεκμήρια
853 2475 903 2526 τῶν
927 2475 951 2525 D
970 2474 1060 2543 repetit
1081 2469 1167 2528 αύτῦν
1184 2471 1264 2542 ύλέγα

282 2560 509 2630 -παραθέσθαι
580 2558 607 2610 l.
633 2559 730 2627 δεσμὸν
749 2558 804 2610 CD.
878 2560 901 2612 9.
922 2557 990 2630 χρὴ]
1009 2562 1048 2614 δεῖ
1066 2559 1096 2612 C.
1169 2563 1210 2614 10.
1230 2559 1264 2614 ἄν

280 2666 330 2697 om.
350 2645 395 2697 D..
479 2645 522 2696 13.
550 2642 748 2712 έγγνγνομένοικ]
768 2644 803 2696 sie
821 2644 879 2707 Al),
906 2648 1071 2714 έγγινομένινν
1090 2647 1122 2698 Ο.
1147 2640 1160 2714 ΙΙ
1180 2643 1263 2716 έπάρ-

277 2727 386 2796 χουσιν]
405 2727 572 2797 ὑπάρχουσιν
590 2728 665 2791 (corr.
679 2730 731 2780 ead.
745 2750 812 2782 man.
825 2727 997 2801 ὑπάρχουσιν)
1014 2732 1044 2792 Α,
1067 2729 1220 2803 ὑπάρχουσι
1232 2731 1264 2797 Β,

281 2815 448 2887 ὑπάρχουσιν
467 2813 524 2866 CD.
605 2817 646 2865 17.
672 2814 775 2887 ταύτῃ]
793 2815 828 2867 sic
847 2818 878 2878 A,
900 2815 986 2883 ταύτῃ
1004 2814 1084 2880 BCD,
1111 2816 1211 2886 ταύτην
1230 2818 1264 2871 0.

209 3003 289 3049 veant
306 2993 387 3048 animi
405 3009 484 3046 sensa
503 2999 531 3044 et
548 2991 673 3057 rationes,
696 2989 759 3046 volo
777 2990 812 3046 (le
833 2993 868 3046 iis
885 2991 967 3069 paulo
989 2990 1067 3069 plura
1091 3001 1264 3068 pertractare,

213 3089 240 3134 et
258 3098 308 3155 pre
326 3077 400 3135 virili
418 3085 571 3152 argumenta
589 3078 673 3152 magis
690 3077 743 3132 iam
762 3075 848 3133 allatis
867 3080 1009 3154 perspicua
1028 3076 1152 3132 adiicere.

280 3164 378 3221 Aditus
397 3173 486 3218 antem
504 3163 621 3221 adhaec
639 3165 756 3240 optimus
775 3165 833 3230 erit,
853 3164 877 3218 si
890 3162 1055 3219 declaremus
1071 3162 1266 3220 sacrificiorum
1283 3165 1321 3231 14

211 3253 278 3305 ritas
298 3252 422 3305 connecti
440 3259 468 3305 et
486 3251 634 3327 comparari
652 3249 686 3305 ad
704 3249 814 3305 deorum
826 3248 944 3304 ordines
988 3250 1112 3324 ponimus
1124 3248 1214 3323 igitur,
1235 3259 1266 3306 ut
1318 3238 1321 3248 ⁴

211 3336 244 3391 ab
263 3337 339 3391 initio
359 3334 508 3404 ordiamur,
533 3336 645 3392 deorum
661 3334 729 3391 alios
748 3335 898 3392 materiales
922 3333 990 3389 alios
1013 3331 1217 3400 immaterialem
1238 3345 1266 3390 et

210 3421 360 3478 materiales
379 3422 489 3498 quidem
511 3424 557 3497 qui
575 3423 712 3478 materiam
729 3424 758 3478 in
780 3443 811 3480 se
828 3419 1060 3499 comprehendunt
1082 3427 1109 3473 et
1127 3429 1266 3487 exornant,

211 3506 399 3563 immateriales
417 3517 510 3563 eontra
528 3509 575 3583 qui
592 3510 701 3564 omnino
719 3530 733 3564 a
752 3512 861 3566 materia
879 3508 957 3565 liberi
975 3515 1038 3562 sunt
1060 3524 1171 3580 eamque
1188 3503 1267 3582 longe

211 3590 353 3649 excellant.
399 3592 545 3650 seeundum
557 3595 639 3668 igitur
650 3595 820 3652 sacerdotum
832 3597 900 3651 ritus
913 3593 1045 3650 sacrificia
1057 3593 1176 3669 incipere
1188 3591 1267 3650 decet

211 3700 225 3733 a
244 3677 297 3733 diis
317 3677 512 3744 materialibus;
530 3699 617 3754 neque
635 3683 706 3737 enim
724 3681 758 3736 arl
776 3680 843 3737 dees
861 3677 1049 3736 immateriales
1068 3677 1147 3734 aliter
1159 3678 1267 3738 dabitur

210 3784 345 3821 aseensus.
393 3762 422 3818 hi
440 3766 522 3840 igitar
539 3766 764 3823 necessitudinem
781 3766 881 3822 habent
898 3785 960 3821 eum
977 3766 1095 3834 materia,
1113 3766 1157 3821 eui
1173 3767 1266 3842 utique

211 3851 379 3928 praesident3
405 3849 487 3906 iidem
511 3870 618 3927 quoqne
639 3853 673 3907 iis
697 3871 764 3925 qnae
785 3852 856 3906 cirea
879 3853 1016 3907 materiam
1037 3853 1163 3909 eveniunt
1183 3851 1267 3909 domi·

212 3947 321 4005 nantur,
344 3947 409 4015 puta
429 3936 569 4005 divisioni,
591 3937 760 4013 percussioni
777 3938 981 4012 repercutienti‚
1003 3939 1141 3994 mutationi
1159 3957 1267 4015 genera·

212 4026 281 4079 tioni
299 4024 466 4100 corruptioni
485 4023 603 4077 omnium
622 4041 764 4099 corporum
782 4020 964 4080 materialium.

284 4108 340 4165 Hos
359 4111 440 4186 igitur
458 4112 482 4164 si
501 4110 561 4185 quis
581 4111 632 4164 rite
649 4107 708 4164 vult
725 4127 877 4185 procurare,
895 4130 956 4167 eum
974 4110 1075 4167 cultum
1092 4108 1220 4165 adhibere
1231 4111 1265 4165 iis

213 4194 306 4262 (lebet,
330 4197 375 4271 qui
394 4216 485 4252 eorum
504 4204 613 4252 naturae
632 4205 659 4251 et
682 4197 793 4273 imperio
817 4197 890 4272 qnod
912 4207 1007 4272 gerunt
1030 4195 1192 4263 consentiat,
1213 4191 1266 4252 hoe
