2776 4876
431 1078 552 1135 'l'homae
571 1077 648 1136 Galei
667 1092 829 1160 conspectus
848 1085 930 1139 totius
949 1085 1047 1161 operis.

655 1480 768 1535 Sectio
796 1485 818 1535 Ι.
892 1501 895 1505 ·

283 1687 306 1738 1.
344 1681 497 1758 Apparatus
509 1680 543 1739 sd
556 1684 767 1759 responsionem.
805 1685 1176 1760 susceptaepersonaerstio.
1212 1681 1265 1760 Py·

208 1778 335 1855 thagorae
358 1774 524 1852 aliorumque
543 1767 707 1833 Graecorum
728 1774 909 1854 profectiones
933 1779 962 1832 in
983 1777 1142 1857 Aegyptum.
1186 1797 1264 1854 quae·

209 1875 327 1930 stionum
344 1874 372 1927 in
391 1869 506 1949 epistola
523 1870 708 1950 Porphyrianu
727 1881 895 1949 conspectus.

277 1972 302 2023 2.
338 1965 526 2043 Reponsiones
544 1961 672 2043 petuntur
691 1987 723 2022 ex
741 1967 916 2042 Assyriorum
933 1975 961 2021 et
976 1966 1171 2045 Aegyptiorum
1187 1964 1263 2022 theo·

207 2061 299 2139 logiis;
328 2063 392 2117 item
420 2081 453 2118 ex
479 2059 650 2138 philosophia
672 2059 814 2118 Hermetis.
860 2059 1002 2117 methodus
1029 2062 1196 2139 proponitur,
1216 2058 1264 2116 do·

208 2159 317 2215 ctrinae.

276 2257 302 2308 3.
337 2250 458 2306 Deorum
476 2251 566 2304 innata
584 2259 626 2305 est
642 2248 704 2306 idea
720 2249 865 2305 animabus
882 2252 997 2316 nostris3
1022 2260 1052 2306 ut
1074 2259 1101 2307 et
1119 2251 1262 2328 spirituum

207 2349 324 2403 omnium
341 2346 472 2421 cognitio,
495 2363 549 2399 non
567 2346 670 2400 ratione
687 2353 715 2398 et
732 2342 891 2419 syllogismo
908 2344 958 2402 sed
975 2343 1093 2422 simplici
1114 2344 1262 2423 apprehen-

205 2443 283 2498 sione
301 2448 436 2506 constans,
455 2448 561 2494 aeterna
580 2447 607 2494 et
625 2440 728 2499 animae
746 2459 851 2494 coaeva.

275 2538 300 2590 4.
335 2532 497 2588 Divinorum
508 2531 634 2589 idiomata
646 2543 673 2589 et
684 2532 862 2597 differentiam
880 2534 909 2587 in
925 2529 1062 2608 analogiae
1074 2535 1260 2590 convenientia

205 2650 260 2687 non
277 2648 381 2706 genere.
1241 2690 1243 2695 ¹

275 2727 300 2780 5.
337 2720 455 2777 Primum
473 2721 571 2777 idioma
584 2721 706 2788 bonitas;
725 2741 755 2777 ea
769 2719 880 2797 duplex:
899 2741 1027 2798 quaenam
1039 2722 1177 2779 animabus
1189 2742 1260 2779 com·

204 2820 280 2896 petit.
325 2814 437 2872 heroum
455 2825 482 2870 et
500 2815 657 2871 daemonum
675 2814 785 2871 scheses
808 2824 836 2871 et
854 2814 949 2871 officia.
995 2815 1142 2874 secundum
1160 2816 1259 2873 idioma

204 2914 304 2968 unitas:
329 2912 438 2967 tertium
460 2909 593 2966 existendi
615 2910 711 2966 modus
734 2908 830 2965 melior
851 2930 931 2985 quam
953 2929 1021 2986 quae
1043 2921 1085 2965 est
1107 2913 1210 2967 animae
1232 2921 1260 2968 et

204 3025 293 3063 rerum
310 3003 465 3091 inferiorum
476 3006 658 3082 permanentia
669 3005 699 3060 in
711 3024 741 3059 se
754 3005 834 3081 ipsis3
853 3002 998 3060 immobilis
1010 3007 1159 3061 motionum
1171 3026 1259 3089 eausa,

204 3099 375 3178 providentia
393 3101 514 3155 eminens
533 3108 560 3155 et
579 3097 711 3153 abstracta
731 3097 784 3153 diis
803 3100 939 3175 competit.
1224 3092 1226 3097 ’
1260 3096 1263 3103 '

245 3252 247 3257 ,
273 3198 298 3251 6.
334 3192 518 3271 Proprietates
542 3191 655 3248 duorum
672 3192 821 3248 mediorum
844 3184 1004 3261 indivinis,
1027 3190 1132 3260 scilicet
1154 3192 1261 3249 daemu

202 3310 265 3346 num
283 3298 310 3345 et
328 3286 447 3356 heroum,
467 3289 589 3343 oriuntur
607 3306 641 3344 ex
652 3287 863 3364 proprietatibus
877 3287 989 3344 duorum
1001 3298 1189 3354 extremorum,
1208 3291 1259 3361 sei-

202 3382 267 3440 licet
284 3382 395 3439 deornm
413 3393 441 3439 et
458 3384 611 3438 animarum.

273 3480 298 3532 7.
335 3475 533 3554 Comparantur
550 3475 663 3532 deorum
680 3484 708 3531 et
721 3479 870 3532 animarum
887 3478 958 3532 inter
970 3496 1001 3532 se
1012 3478 1145 3543 actiones3
1163 3496 1197 3533 ex
1214 3476 1259 3536 his

202 3566 295 3645 colligi
312 3590 395 3646 posse
412 3571 571 3627 daemonum
588 3580 617 3627 et
635 3569 747 3625 heroum
765 3572 892 3626 actiones.
1122 3607 1124 3613 -
1240 3609 1265 3625 .

251 3665 298 3726 8.
335 3662 431 3742 Carpit
448 3665 627 3745 Porphyrium
646 3675 767 3742 separata
785 3685 834 3742 per
852 3662 961 3722 scheses
979 3663 1015 3720 ad
1032 3683 1147 3742 corpora
1165 3663 1259 3720 distin·

202 3767 338 3834 gerentem
356 3757 461 3815 scilicet
479 3760 545 3816 deos
563 3781 612 3838 per
629 3759 813 3817 habitudinem
831 3756 866 3814 ad
884 3776 997 3835 corpore
1009 3755 1134 3827 aetheria,
1153 3757 1259 3816 daemo-

202 3873 250 3909 nas
269 3851 303 3909 ad
321 3855 401 3919 atria,
421 3855 520 3909 animas
539 3854 573 3910 ad
590 3865 705 3912 terrena.
751 3852 887 3929 quomodo
905 3855 1080 3929 incorporeae
1091 3854 1259 3910 substantiae

202 3969 232 4005 se
250 3946 350 4003 hahent
368 3945 401 4002 ad
421 3966 546 4023 corporu3
566 3951 703 4025 sequentia
722 3969 828 4027 semper
846 3947 879 4002 ad
898 3948 1036 4025 superiore
1030 3945 1257 4015 conformantur,

200 4064 255 4099 non
273 4044 333 4100 rice
350 4060 436 4097 versa.
482 4060 560 4096 omne
583 4042 702 4099 divinum
721 4053 748 4099 et
766 4045 953 4122 incorporeum
971 4060 1032 4097 esse
1049 4038 1168 4124 hhique
1169 4052 1258 4098 osten·

201 4138 273 4194 ditur
290 4158 339 4216 per
357 4135 531 4211 demiurgiam
549 4145 577 4191 et
594 4134 748 4213 theurgiam.
