2776 4876
125 357 196 420 3,³1
1131 360 1183 414 175

125 519 196 587 τοῖς
221 512 401 590 αλσθητοῖς
422 513 641 594 μεταδίδωσιν
670 508 712 592 ἢν
741 510 899 582 δύνανται
926 515 1085 600 δέχεσθαι
1112 518 1183 581 δια-

126 619 242 708 μονήν.
277 615 365 702 πλὴν
388 628 414 686 ελ
436 619 483 709 μη
505 619 547 688 τύ
571 623 688 689 εἴδωλα
712 625 875 708 δαίμονας
897 623 1109 710 ἐπονομάζεις
1124 625 1183 714 oia(

91 749 106 800 3
127 732 243 821 ὀρθῶς
265 730 426 823 ἐπισύρων
449 729 511 814 τὴν
532 731 689 816 τοιαύτην
710 739 835 815 κλῆσιν.

213 839 310 924 Ἄλλη
333 848 392 929 μὲν
414 842 479 934 γύρ
502 851 590 912 ἐστιν
612 844 633 926 ἡ
656 849 721 913 τῶν
744 844 912 932 δαιμόνων
934 844 1032 936 φύσις
1049 843 1133 929 ἄλλη
1149 851 1183 914 δὲ

127 955 148 1037 ἡ
172 957 238 1022 τῶν
262 953 415 1022 εἰδώλων·
446 954 538 1036 τάξις
560 982 594 1023 τε
618 956 728 1023 αὐτῶν
751 964 911 1045 ἑκατέρων
938 954 1183 1042 πόμπολοδιέ-

93 1087 234 1149 δοτηκε.
273 1070 329 1133 καὶ
352 1066 392 1149 δὴ
416 1067 512 1135 καὶὸ
536 1073 602 1135 τῶν
626 1065 765 1136 ελδύλων
777 1066 922 1159 χορηγὸς
937 1066 1101 1161 διάφορός
1115 1078 1184 1138 ἐστι

127 1173 221 1269 παρὰ
243 1174 303 1245 τόν
326 1185 431 1266 μέγαν
453 1177 600 1265 ἡγεμόνα
622 1183 687 1246 τῶν
710 1180 885 1266 δαιμόνων.
931 1180 1044 1266 σἰμέλει
1064 1185 1121 1248 καὶ
1143 1178 1183 1248 σύ

127 1293 269 1360 τοσοῦτο
292 1301 466 1378 συγχωρεῖς
488 1293 614 1377 μηδένα
638 1287 723 1358 θεόν
739 1289 761 1373 ἢ
776 1295 920 1379 δαίμονα
936 1296 1038 1377 λέγων
1051 1292 1107 1359 ὑπ’
1123 1293 1183 1358 αύ-

93 1406 193 1469 9τῶν
215 1405 457 1470 καθέλκεοθαι.
502 1406 592 1481 τίνος
615 1393 675 1470 οὖν
701 1406 748 1470 ἔτι
775 1408 902 1489 γένοιτο
932 1399 973 1470 δν
1003 1402 1082 1483 ἀξία
1111 1402 1184 1471 διό-

127 1514 245 1604 πραξις
268 1509 341 1604 ἱεροὶ
357 1509 378 1596 ἢ
393 1519 452 1581 τοῦ
466 1517 644 1599 μέλλοντος
658 1513 850 1601 πρόγνωσις,
873 1511 944 1596 ἥτις
959 1511 1101 1601 ἄμοιρός
1116 1523 1184 1583 ἐστι

128 1622 321 1694 παντάπασι
342 1629 399 1692 καὶ
421 1630 508 1692 θεοῦ
528 1629 584 1693 καὶ
606 1628 783 1710 δαίμονος,·
806 1623 889 1693 ὥστε
905 1628 1025 1693 ελδέναι
1045 1631 1106 1712 μὲν
1119 1621 1182 1715 χρὴ

76 1739 111 1799 12
129 1739 185 1803 καὶ
207 1733 331 1818 ταύτην
353 1734 415 1819 τὴν
439 1740 716 1824 θαυματουργίαν
731 1741 806 1803 τίνα
822 1740 884 1823 ἔχει
899 1734 1008 1827 φύσιν,
1027 1741 1184 1827 χρῆσθαι

131 1849 165 1914 δὲ
186 1843 209 1929 ἢ
230 1845 392 1915 πιστεύειν
415 1846 498 1938 αὐτῇ
520 1851 689 1933 μηδαμῶς.

214 1953 284 2024 Ἔτι
306 1962 418 2026 τοίνυν
439 1963 495 2026 καὶ
516 1957 638 2041 ταύτης
660 1964 729 2028 ἐστὶ
753 1962 942 2049 φαυλοτέρα
957 1962 1023 2026 τῶν
1037 1965 1183 2047 ἱεροπρε-
1200 1960 1240 2020 31

78 2085 111 2136 15
128 2072 200 2136 πῶν
230 2071 405 2157 δρωμένων
432 2068 597 2154 ἐξήγησις,
627 2067 649 2151 ἢ
678 2077 773 2156 γένος
794 2095 825 2136 τι
854 2069 1027 2151 ἀπατηλῇς
1056 2068 1185 2162 φύσεως

131 2177 374 2270 παντόμορφόν
396 2205 431 2247 τε
454 2184 510 2247 καὶ
532 2176 743 2270 πολύτροπον
766 2187 940 2266 αἰτιωμένη
955 2185 1014 2262 τῆς
1028 2187 1186 2268 μαντείας

128 2289 388 2383 ὑποκρινόμενον
410 2287 514 2370 θεοὺς
535 2295 591 2360 καὶ
606 2295 770 2380 δαίμονας
784 2297 840 2359 καὶ
855 2288 965 2384 ψυχὰς
978 2296 1046 2359 τῶν
1062 2296 1184 2374 τεθνη·

202 2593 226 2643 1.
254 2589 396 2658 δύνανται]
415 2590 450 2643 aie
469 2592 499 2656 C,
524 2589 637 2646 δύναται
655 2593 688 2645 0.
760 2594 785 2646 8.
813 2590 946 2658 τοσοῦτο]
965 2591 1083 2644 sioACD
1095 2592 1183 2645 Fesch.

202 2677 273 2743 Reg„
297 2679 379 2730 τοῦτο
399 2679 432 2731 0.
524 2681 565 2732 11.
593 2677 735 2749 δαίμονος]
755 2675 855 2738 παντός
874 2680 907 2732 Ο.
999 2681 1039 2732 12.
1067 2683 1131 2746 ἔχειν
1149 2679 1183 2732 0.

203 2764 244 2817 13.
272 2759 361 2838 αὐτῇ]
384 2764 419 2816 εἰσ
437 2765 471 2828 D,
498 2761 583 2820 αὖτοῦ
602 2764 657 2829 AC,
679 2785 730 2819 om.
749 2765 782 2817 0.
910 2766 951 2818 11.
978 2763 1030 2833 ἔτι]
1055 2769 1110 2821 iura
1129 2765 1183 2817 AC.

212 2844 224 2918 ΙΙ
236 2848 309 2918 ἐστὶ]
327 2853 366 2904 ἔτι
382 2854 414 2903 Α.

130 3114 246 3183 possunt
263 3107 485 3182 perseverantiae.
530 3108 625 3163 nisisi
644 3105 716 3163 idola
734 3107 804 3163 forte
822 3107 964 3163 daemones
988 3105 1108 3183 appelles
1130 3125 1184 3161 non

130 3202 204 3249 reate
222 3193 301 3247 istam
319 3190 526 3270 appellationem
544 3192 710 3271 applicando.

201 3277 263 3334 Alia
281 3278 414 3355 siquidem
432 3288 475 3335 est
492 3278 650 3335 daemonum
668 3277 720 3334 alia
738 3276 871 3334 idolorum
885 3286 992 3332 natura:
1011 3275 1060 3331 sed
1078 3287 1105 3332 et
1117 3276 1184 3333 ordo

130 3374 303 3442 utrorumque
321 3364 400 3439 longe
419 3364 509 3421 distat.
556 3367 702 3441 quinetiam
726 3375 818 3421 auctor
835 3363 883 3419 ille
905 3361 1038 3418 idolorum
1057 3361 1124 3416 alius
1143 3371 1185 3418 est

129 3473 241 3530 prorsus
261 3474 274 3508 a
293 3470 396 3507 summo
415 3449 573 3507 daemonum
591 3451 666 3507 duce.
713 3451 785 3528 quod
802 3453 891 3528 ipsum
908 3458 938 3503 tu
957 3466 1063 3523 quoque
1076 3446 1184 3502 conlite-

113 3540 182 3613 ris3
201 3536 270 3593 dieis
289 3539 360 3592 enim
378 3536 451 3612 qnod
468 3556 518 3593 nec
536 3536 648 3594 deorum
665 3558 715 3594 nec
734 3537 891 3594 daemonum
905 3535 1045 3610 quisquam
1058 3532 1091 3588 ab
1103 3531 1184 3597 idolis

131 3622 258 3679 deorsum
276 3620 397 3678 trahitur.
444 3624 519 3678 cuius
538 3625 619 3699 igitur
636 3623 744 3680 tandem
761 3623 842 3701 pretii
854 3619 934 3676 fuerit
946 3617 1097 3675 istiusmodi
1109 3638 1184 3675 saera

131 3711 201 3765 actio
220 3717 265 3763 aut
282 3705 363 3763 futuri
382 3709 506 3784 cognitio,
526 3729 593 3784 qnae
612 3711 720 3764 omnino
738 3718 796 3764 tum
814 3707 857 3762 dei
869 3716 927 3762 tum
939 3704 1075 3761 daemonis
1088 3725 1184 3783 expers

131 3795 185 3850 sit?
212 3795 304 3870 itaque
321 3812 433 3870 prorsus
451 3793 601 3872 intelligere
619 3803 727 3872 oportet
744 3793 814 3850 hane
831 3791 1015 3870 prodigiorum
1035 3790 1186 3848 fabricatio·

131 3901 192 3937 nem
223 3890 251 3936 et
275 3899 353 3956 quam
381 3878 478 3935 lrabeat
500 3881 568 3948 vim,
598 3900 765 3956 nequaquam
789 3898 854 3936 vero
878 3898 909 3934 ea
938 3879 977 3932 uti
1006 3888 1051 3934 ant
1075 3877 1185 3935 eredere

130 3966 224 4022 eidem.

201 4052 297 4109 Adhuc
316 4051 435 4108 deterior
452 4070 541 4107 rerum
560 4070 695 4107 sacrarum
718 4050 862 4129 explicatio
884 4049 1009 4119 adfertur,
1021 4086 1024 4092 .
1035 4070 1103 4126 quae
1119 4051 1185 4105 veti·
1202 4047 1241 4108 31

131 4141 195 4196 sinii
213 4158 320 4195 oausam
338 4137 425 4194 credit
442 4157 503 4194 esse
521 4157 603 4215 genus
629 4135 763 4214 quoddam
785 4137 955 4205 daemonnm,
978 4146 1071 4192 natura
1090 4134 1184 4214 decep·

131 4228 229 4283 torium
246 4223 409 4283 multiforme
428 4224 553 4302 qnodque
575 4225 680 4303 speeies
704 4223 814 4282 deorum
836 4235 864 4281 et
881 4226 1019 4302 geniorum
1043 4231 1070 4277 et
1087 4223 1184 4283 anima·
