2776 4876
212 357 261 422 r,1
1209 365 1264 420 2⁴9

210 514 308 578 τοῦτο
331 514 394 597 ἔχει
417 509 557 598 δύναμίν
578 536 652 579 τινα
674 508 758 603 πρὸς
780 510 900 594 αάτοάς
922 515 940 581 ὁ
963 521 1113 595 τοιοῦτος
1140 517 1262 609 τρόπος

215 623 280 688 τῶν
303 620 428 707 λόγων·
451 627 548 702 θεοῖς
570 627 605 690 δὲ
627 624 735 704 οὐδεὶς
757 624 890 706 ἀπειλεῖ,
914 626 982 693 οὐδ’
1002 631 1071 693 ἐστί
1093 652 1141 705 τις
1154 634 1262 696 τοιοῦ-

176 748 191 799 3
212 756 267 810 τος
289 730 412 819 τρόπος
434 733 529 821 εὐχῆς
550 733 633 824 πρὸς
655 732 775 814 αὐτούς
797 737 997 823 γιγνόμενος.
1043 735 1155 827 διόπερ
1170 737 1263 825 παρά

213 845 407 923 Χαλδαίοις,
428 845 507 935 παρ’
524 842 574 924 οἷς
596 850 794 936 διακέκριται
815 842 970 935 καθαρός
993 847 1011 920 ὁ
1034 844 1118 937 πρός
1139 846 1263 933 μόνους

210 951 287 1032 τοὺς
308 953 412 1034 θεοὺς
433 954 540 1042 λόγος,
562 958 712 1044 οὐδαμοῦ
733 958 849 1040 ἀπειλὴ
870 963 1012 1043 λέγεται·
1034 957 1212 1044 Αἰγύπτιοι
1227 963 1262 1028 δὲ

176 1076 192 1126 t
211 1063 466 1149 συμμιγνύοντες
480 1067 552 1152 ἀμα
566 1065 649 1152 μετά
665 1071 730 1134 τῶν
745 1073 850 1135 θείων
872 1067 1099 1155 συνθημάτων
1114 1074 1169 1138 καὶ
1186 1067 1264 1149 τοάς

211 1178 402 1260 δαιμονίους
425 1175 551 1263 λόγους,
575 1184 720 1266 χρῶνται
741 1184 829 1248 ἔστιν
852 1177 906 1246 ὅτε
928 1184 985 1248 καὶ
1007 1190 1080 1260 ταῖς
1102 1178 1261 1258 ἀπειλαῖς.

211 1290 290 1373 ίχεις
312 1282 353 1369 δὴ
376 1293 431 1356 καί
453 1283 516 1371 τὴν
543 1290 764 1376 περὶτούτων
794 1289 968 1382 ἀπόκρισιν
996 1289 1163 1377 συντόμως
1193 1297 1262 1378 μίν,

177 1409 192 1461 9
210 1401 346 1485 μετρίως
368 1398 398 1466 δ’
417 1391 542 1486 ἐγῷμαι
564 1400 894 1493 ἀποκεκαθαρμένην.

158 1890 192 1941 10
305 1871 372 1950 Τῆς
394 1867 421 1934 δ
442 1863 544 1951 αὐτῆς
566 1867 742 1960 θεοσόφου
765 1868 906 1952 Μούσης
934 1869 1069 1938 κάκεῖνα
1091 1872 1195 1936 δεῖται
1217 1879 1261 1951 είς
1283 1868 1348 1952 Ἱ,Ι

212 1977 272 2060 τήν
295 1977 444 2047 διάλυσιν
465 1977 507 2045 τά
530 1978 749 2070 ἀπορήματα·
772 1979 933 2071 πρότερον
956 1980 997 2061 δή
1021 2004 1075 2048 σοι
1096 1979 1262 2068 βούλομαι

209 2093 274 2155 τῶν
295 2094 487 2175 Αίγυπτίων
509 2087 567 2158 τόν
589 2089 714 2179 τρόπον
736 2095 795 2174 τῆς
817 2096 998 2176 θεολογίας
1016 2095 1258 2181 διερμηνεῦσαι·

158 2220 190 2271 13
210 2192 303 2268 οὗτοι
330 2200 394 2288 γάρ
423 2199 608 2291 τὴνφύσιν
635 2205 694 2267 τοῦ
720 2199 845 2280 παντὸς
871 2207 927 2268 καὶ
955 2201 1017 2284 τὴν
1046 2207 1263 2289 δημιουργίαν

281 2423 305 2471 1.
334 2417 459 2488 δύναμιν]
478 2418 513 2469 sie
532 2417 586 2482 Ac,
604 2438 654 2471 om.
675 2418 707 2471 0.
781 2419 805 2471 d.
832 2417 913 2487 μόνος
933 2417 961 2468 C.
1040 2421 1066 2471 5.
1094 2413 1209 2471 ἀπειλεῖν
1228 2421 1260 2483 Α,

279 2502 381 2558 ἀπειλεῖ
399 2505 428 2557 C.
501 2506 525 2557 6.
553 2503 742 2576 συμμιγνάντις
760 2505 793 2556 0.
807 2497 818 2572 ΙΙ
829 2499 912 2573 μετά]
932 2501 1003 2556 κατὰ
1021 2502 1054 2555 0.
1132 2505 1156 2557 9.
1185 2500 1260 2573 d'iy’

280 2581 349 2660 ripas
365 2588 406 2655 (in
418 2592 643 2656 marpeadaoan.
657 2580 814 2661 δίγ’ἀμαι)
828 2593 858 2653 Α,
881 2584 937 2657 dds
952 2579 1021 2658 ripas
1038 2589 1072 2642 D.
1146 2594 1187 2644 ll.
1216 2589 1260 2660 δη]

281 2677 311 2729 δέ
328 2678 357 2728 Α.
430 2677 470 2729 13.
500 2669 580 2737 οὗτος
596 2675 629 2728 B.

209 3115 256 3151 sus
274 3095 415 3151 daemonas
437 3094 488 3152 hos
514 3095 667 3151 istiusmodi
689 3096 821 3150 sermonis
843 3097 991 3151 minitantis
1014 3115 1077 3150 osus
1102 3104 1262 3171 potestatem

209 3180 323 3257 aliquam
341 3181 452 3238 obtinet.
499 3182 550 3239 diis
569 3202 635 3240 vero
654 3201 732 3238 nemo
750 3182 943 3248 interminatur,
962 3200 1011 3234 nee
1030 3179 1102 3254 apud
1117 3178 1180 3235 illos
1193 3182 1262 3236 eius·

209 3267 283 3322 modi
301 3266 495 3325 obsecrationis
508 3269 583 3326 locus
595 3268 667 3325 ullus
680 3276 729 3323 est.
778 3275 940 3344 quapropter
952 3263 1091 3332 Chaldaei,
1110 3263 1179 3342 apud
1193 3285 1261 3340 quos

209 3353 352 3411 distinctus
371 3374 506 3431 purusque
519 3365 562 3410 est
573 3355 683 3411 deorum
695 3352 814 3408 solorum
826 3352 923 3421 cultus,
942 3370 1077 3426 nunqnam
1088 3351 1168 3404 minis
1185 3359 1264 3406 utun·

209 3450 264 3505 tur3
283 3440 411 3517 Aegyptii
429 3461 502 3508 vero,
527 3444 573 3517 qui
592 3461 652 3497 oum
670 3438 800 3515 symbolis
820 3439 931 3495 deorum
947 3439 1112 3515 permiscent
1135 3436 1213 3489 etiam
1232 3454 1262 3489 ea

210 3545 277 3601 quae
296 3525 330 3579 ad
348 3524 491 3581 daemonas
503 3528 646 3603 pertinent,
665 3525 699 3582 ad
711 3527 796 3581 minas
809 3523 940 3581 eiusmodi
952 3520 1096 3597 aliquando
1109 3519 1261 3575 deveniunt

208 3621 288 3685 atque
307 3611 343 3663 ita
362 3613 565 3686 responsionem
583 3611 633 3666 tibi
651 3611 685 3666 de
701 3610 745 3666 his
763 3611 880 3667 breviter
893 3608 1009 3685 quidem,
1029 3615 1156 3682 quantum
1174 3614 1262 3662 autem

208 3695 274 3752 mihi
291 3694 399 3751 videtur
415 3694 587 3751 mediocriter
605 3695 703 3753 claram
720 3696 790 3753 dedi.

279 3952 485 4008 Dubitationum
503 3970 571 4026 quae
588 3953 640 4007 iam
662 3961 809 4027 sequuntur
826 3949 987 4018 solutiones,
1011 3950 1103 4008 eadem
1125 3971 1193 4028 opus
1215 3950 1260 4007 ha·
1282 3945 1299 4002 l

207 4039 272 4094 beot
290 4036 380 4094 divina
396 4037 480 4094 llusa.
529 4035 592 4092 volo
611 4047 699 4094 autem
716 4037 766 4092 tibi
783 4039 859 4114 prius
882 4038 1052 4115 interpretari
1068 4037 1262 4114 Aegyptiorum

209 4127 237 4181 in
256 4145 286 4180 re
303 4123 454 4199 theologica
473 4142 583 4179 morem.
630 4126 650 4180 ii
669 4125 750 4199 igitur
767 4126 853 4202 ipram
870 4126 989 4181 universi
1007 4133 1127 4179 naturam
1143 4121 1263 4177 deorum·

210 4231 261 4286 qne
285 4211 468 4287 operationem
492 4211 643 4279 imitantes,
668 4213 839 4286 mysticarum
863 4231 969 4288 qnoque
993 4209 1133 4266 latentium
1153 4207 1262 4264 abscon·
