2776 4876
127 338 180 404 6,3
1132 345 1186 398 24³

216 486 312 578 Πρὸς
333 497 393 578 μὲν
415 484 476 559 οὖν
498 489 560 574 τὴν
581 497 773 561 ἐναντίωσιν
795 497 854 576 τῆς
876 494 1020 582 ύπορίας
1034 501 1184 566 τοσαῦτα

128 606 225 688 λέγω·
248 597 330 670 αὐτὸ
353 605 387 671 δὲ
408 603 493 670 καθ’
511 602 611 672 ἑαυτὸ
632 600 670 673 τὸ
694 602 749 672 διὰ
764 611 829 673 τῶν
845 607 939 691 ἱερῶν
954 603 1053 685 ζώων,
1076 606 1183 700 ὥσπερ
1201 616 1221 675 3

92 731 107 782 3
127 718 192 784 τῶν
215 712 368 803 ἱεράκων,
398 712 487 794 ὅπως
508 719 700 788 ἐπιτελεῖται
727 712 887 804 μαντικὸν
911 715 1184 802 διερμηνεύοντες,

127 822 232 904 θεοὺς
252 830 313 913 μὲν
334 825 490 893 οὐδέποτέ
514 852 626 918 φαμεν
645 833 919 919 παραγίγνεσθαι
934 833 975 917 τῇ
987 826 1105 917 χρήσει
1118 836 1184 898 τῶν

126 940 356 1018 κηδευθένταν
386 935 471 1004 οὕτω
501 936 672 1022 σωμάτων.
724 934 799 1008 odos
827 936 892 1026 γὰρ
921 942 1082 1029 μεριστῶς
1110 937 1183 1010 odes

93 1067 109 1117 6
126 1051 294 1135 προσεχῶς
317 1044 390 1114 ούτι
414 1045 535 1125 ἐνύλιος
557 1044 631 1116 edre
652 1047 737 1135 μετά
751 1074 839 1128 τινος
854 1056 992 1136 σχέσεως
1006 1057 1184 1136 προίσταν·

129 1184 183 1225 ται
204 1162 272 1226 τῶν
293 1158 378 1225 καθ’
397 1165 520 1226 ἕκαστα
543 1156 647 1240 ζώων·
670 1156 808 1245 δαίμόσι
829 1163 934 1228 δὲκαὶ
951 1159 1079 1240 τούτοις
1097 1162 1182 1254 σφό-

129 1272 193 1359 δρα
216 1272 422 1361 διῃρημένοις
444 1274 500 1337 καί
523 1271 738 1356 διαλαχοῦσιν
752 1268 866 1350 ἄλλοις
880 1267 966 1340 ἄλλοι
982 1275 1058 1353 ζῶα,
1079 1299 1183 1364 προσ-

93 1383 208 1467 εεχῶς
229 1405 263 1448 τε
286 1377 497 1467 ἐπιβεβηκόσι
518 1385 557 1473 cp*
578 1379 712 1475 τοιαύτη
733 1388 932 1469 προστασία,
954 1388 1010 1450 καὶ
1034 1383 1073 1453 οὐ
1096 1410 1181 1456 παν-

127 1495 227 1571 τελῶς
248 1488 394 1580 αὐτάρκη
415 1495 472 1559 καὶ
494 1489 597 1560 ε’ίνλον
618 1488 681 1574 τὴν
696 1497 819 1561 οίκείαν
834 1490 941 1584 ἀρχὴν
955 1497 1182 1583 διακληρωσα-

127 1610 240 1689 μένοις
262 1602 283 1684 ἡ
306 1600 441 1683 τοιαύτη
457 1601 608 1670 διδόσθω
624 1607 688 1672 τῶν
702 1607 868 1690 μαντικῶν
883 1604 1035 1693 ὀργύναιν
1050 1606 1181 1699 επαφή·

74 1711 150 1796 atii
172 1717 201 1780 u
223 1711 308 1780 οὕτω
331 1738 380 1791 τις
401 1711 556 1796 βούλοιτο
579 1717 759 1793 τίθεσθαι,
788 1717 867 1802 ἕδρα
890 1716 1004 1793 αὐτοῖς
1025 1716 1182 1785 ἀπονενι-

129 1824 254 1912 μήσθω
277 1821 421 1904 τοιαύτη,
451 1823 492 1888 δι’
513 1816 553 1903 ἧς
575 1821 769 1911 ἀνθρώποις
791 1823 918 1911 ὁμιλεῖν
946 1831 1003 1893 καὶ
1027 1832 1183 1917 χρῆσθαι

129 1933 311 2026 πεφύκασι·
341 1930 504 2021 σωμάτων
525 1938 585 2020 μὲν
607 1927 668 2003 οὖν
689 1939 746 2001 καὶ
767 1934 892 2019 ταύτην
914 1935 999 2004 εἶναι
1021 1935 1183 2027 καθαρὰν

78 2065 112 2115 15
131 2051 180 2116 δεῖ
200 2051 359 2135 νομίζειν·
389 2043 526 2130 οὐδεμία
548 2041 614 2135 γοίρ
635 2050 761 2130 γίνεται
782 2051 938 2114 κοινωνία
967 2052 1012 2132 τῷ
1037 2051 1184 2138 καθαρῷ

129 2155 212 2246 πρὸς
233 2153 272 2225 τὰ
294 2160 454 2235 ἐναντίον,
477 2152 532 2222 διὰ
555 2158 590 2222 δὲ
612 2160 671 2236 τῆς
692 2161 801 2245 ψυχῆς
814 2160 880 2223 τῶν
896 2155 986 2237 ζύων
1001 2157 1182 2227 σννοίπτεσ·

132 2274 199 2335 θαι
220 2265 326 2350 αὐτὴν
354 2263 550 2353 ἀνθρώποις
578 2267 641 2351 ἔχει
668 2261 743 2331 τινὰ
771 2263 881 2351 λόγον.
927 2265 1011 2349 αὐτη
1033 2267 1097 2356 γὰρ
1120 2275 1184 2357 ίχει

79 2394 113 2444 18
130 2377 205 2448 crud
233 2377 418 2460 οῖκειότητα
446 2371 529 2463 πρὸς
558 2374 760 2462 ἀνθρώπους
788 2382 847 2462 μὲν
876 2374 931 2444 διὰ
960 2375 999 2445 τὸ
1030 2379 1184 2465 ὁμογενὲς

201 2568 226 2620 d.
256 2560 387 2619 οὐδέποτε
411 2564 446 2616 D.
476 2556 488 2632 [J
519 2561 750 2634 παραγίγνεσθαι]
778 2561 813 2613 sic
833 2561 897 2625 BD,
925 2565 1126 2633 παραγίνεσθαι
1150 2563 1183 2617 0,

203 2654 245 2704 11.
274 2650 396 2705 δεδόσθω
419 2648 495 2701 ACD,
587 2651 627 2698 17.
656 2643 758 2716 αὐτὴν]
783 2643 882 2707 αύτούς
901 2651 931 2700 A.
952 2643 966 2716 fl
987 2646 1057 2716 αὕτη
1077 2652 1106 2700 Α.

200 2819 273 2876 llaec
291 2818 404 2876 dicenda
422 2818 502 2875 habui
520 2817 555 2875 de
572 2818 622 2875 hec
640 2828 700 2874 tuac
718 2817 892 2875 dubitationis
916 2818 1081 2876 difficultate.
1131 2821 1184 2876 ium
1200 2820 1221 2881 3

130 2905 287 2983 singillatim
313 2904 382 2962 illud
413 2905 615 2983 interpretando
648 2925 820 2980 exequamur,
860 2905 995 2982 quomodo
1031 2925 1081 2984 per
1107 2926 1184 2963 sacra

130 2992 266 3060 animalia,
290 3001 356 3069 puta
374 3000 488 3059 astures,
508 2991 605 3048 deuon
627 2993 764 3048 vaticinia:
788 2991 854 3048 deos
872 2994 954 3068 igitur
972 2995 1048 3069 ipsos
1067 2991 1101 3048 ad
1119 2991 1185 3051 bace

131 3082 170 3135 cic
193 3088 334 3157 procurata
358 3097 472 3155 corpora
490 3076 619 3135 accedere
637 3096 770 3153 umquem
788 3077 910 3135 dicimus.
952 3077 990 3133 dii
1008 3079 1078 3133 enim
1097 3096 1185 3153 neque

131 3164 328 3242 particulariter
355 3184 405 3221 uec
433 3168 556 3242 proxime
585 3183 673 3238 neque
701 3163 874 3220 materialiter
900 3183 988 3238 neque
1011 3162 1100 3238 aliqua
1123 3183 1185 3221 cum

130 3249 286 3306 habitudine
313 3250 471 3308 animalibus
499 3248 707 3328 particularibus
736 3248 905 3326 praesident,
933 3247 982 3305 sed
1008 3251 1096 3304 omnis
1121 3269 1185 3309 eon·

130 3339 231 3393 iunctio
248 3357 311 3394 cum
329 3340 449 3395 vaticinii
467 3338 572 3412 organis
596 3344 703 3412 oportet
724 3334 856 3391 tribuatur
877 3353 990 3410 prorsus
1012 3333 1186 3391 daemonibus

130 3425 164 3479 iis
183 3426 230 3500 qui
253 3423 332 3481 valde
355 3423 437 3480 divisi
460 3432 536 3488 sunt,
559 3420 711 3497 singulique
734 3420 846 3498 singulis
870 3419 1021 3476 animalium
1043 3419 1186 3496 speciebus

129 3510 322 3586 praeficiuntur
341 3519 368 3565 et
385 3508 448 3566 huic
467 3528 531 3564 suae
547 3511 703 3588 provinciae
721 3511 842 3587 proxime
859 3504 1007 3581 invigilant,
1027 3507 1127 3581 quique
1144 3524 1186 3562 or·

130 3595 220 3651 dinem
236 3613 314 3651 suum
332 3597 421 3652 sortiti
440 3604 503 3652 sunt
521 3614 575 3650 non
593 3615 784 3672 usquequaque
801 3591 1026 3669 independentem
1049 3602 1077 3648 et
1099 3613 1114 3647 a
1132 3612 1186 3649 ma·

131 3682 196 3737 teria
215 3679 336 3737 liberum.
384 3681 428 3738 vcl
445 3683 470 3739 si
488 3684 549 3757 quis
570 3683 612 3740 sic
634 3680 714 3749 velit,
736 3682 771 3736 iis
795 3677 969 3737 daemonibus
990 3678 1082 3737 sedem
1105 3677 1186 3737 talem

130 3767 265 3833 attribuat,
288 3784 338 3842 per
362 3786 440 3842 qnam
457 3769 529 3825 inter
551 3766 673 3827 homiues
696 3766 833 3824 obversari
856 3763 989 3840 nobisque
1011 3767 1049 3823 uti
1071 3767 1185 3842 possint.

132 3852 225 3910 sedem
243 3873 307 3909 vero
326 3852 395 3909 lrauc
408 3863 514 3929 oportet
526 3874 620 3933 puram
629 3873 692 3910 esse
704 3873 718 3908 a
732 3850 890 3928 corporibus
901 3853 1063 3919 existimare,
1082 3850 1186 3910 nullum

132 3940 203 3995 cuim
222 3936 283 3995 esse
300 3948 392 4017 potest
414 3941 553 4015 puricum
578 3941 682 4015 impuro
704 3936 923 4005 contubernium,
943 3957 1025 4013 quere
1046 3934 1186 4015 probabile

132 4035 174 4080 est
192 4025 370 4083 mediantibus
388 4035 554 4082 mortuorum
571 4022 724 4081 animalium
743 4022 881 4079 animabus
904 4027 1027 4082 conuecti
1046 4023 1185 4080 nobiseum

132 4110 222 4166 sedern
241 4110 321 4169 illem
367 4113 453 4168 anima
471 4112 572 4188 quippe
590 4112 641 4167 ista
660 4107 789 4186 quondam
801 4108 836 4164 sd
847 4129 897 4166 uos
910 4110 990 4167 habet
1002 4109 1184 4183 cognationem
1237 4165 1243 4174 ,

131 4207 243 4275 propter
263 4201 333 4256 vitoe
352 4200 529 4265 consortium,
554 4195 588 4255 ael
606 4194 749 4253 &ernostus
766 4205 863 4265 autem,
887 4197 1012 4271 quoniam
1034 4213 1049 4248 a
1073 4211 1185 4270 corpore

968 4297 1020 4353 16*
