2776 4876
218 346 274 400 234
1203 340 1276 405 δ,24

219 497 282 580 τήν
304 499 483 588 ἀλλοτρίαν
511 501 576 565 τῶν
604 498 709 577 θεῶν,
736 492 799 576 τήν
826 498 862 562 δὲ
891 497 1017 562 οίκείαν
1043 491 1127 583 πρὸς
1155 488 1279 572 αὐτούς

221 613 429 695 ἐκλέγεσθαι,
459 609 501 687 ὡς
524 619 714 699 συμφωνεῖν
734 610 920 695 δυναμένην
948 607 993 686 είς
1014 631 1049 673 τε
1072 608 1165 673 θεῶν
1187 612 1279 673 οίκο-

221 719 376 807 δομήσεις
390 725 446 788 καί
468 716 682 807 καθιδρύσεις
704 717 906 806 ἀγαλμάτων
928 720 985 784 καὶ
1008 713 1050 797 δή
1073 720 1131 784 καὶ
1152 723 1198 794 είς
1215 712 1312 795 τάς3

220 835 285 899 τῶν
309 835 438 900 θυσιῶν
460 836 654 920 ἱερουργίας.
693 830 768 898 οὐδὲ
790 826 854 918 γάρ
877 825 921 896 ἀν
942 824 1050 906 ἀλλως
1063 837 1135 905 τοῖς
1148 832 1202 896 ἐπὶ
1215 833 1280 913 γῆς

220 941 335 1022 τόποις
356 938 380 1024 ἢ
401 953 470 1020 τοῖς
492 944 588 1030 δεῦρο
611 945 820 1010 κατοικοῦσιν
842 938 1039 1030 ἀνθρώποις
1059 942 1219 1026 μετουσία
1235 935 1281 1005 ἀν

220 1059 349 1139 γένοιτο
372 1059 432 1136 τῆς
454 1056 519 1120 τοῖν
541 1049 735 1141 κρειττόνων
763 1050 909 1144 λήψεως,
939 1058 965 1117 εί
992 1046 1040 1137 μή
1068 1075 1117 1128 τις
1137 1048 1313 1132 τοιαύτης

220 1161 392 1250 καταβολαὶ
419 1163 531 1253 πρώτη
554 1166 825 1254 προενιδρυθείη·
854 1164 1044 1230 πείθεσθαι
1065 1163 1099 1227 δὲ
1118 1157 1184 1250 χρή
1206 1171 1282 1239 τοῖς

222 1272 423 1364 ἀπορρήτοις
445 1273 564 1360 λόγοις,
588 1274 632 1352 ὡς
652 1278 709 1341 καὶ
731 1270 787 1342 διά
809 1278 875 1341 τῶν
896 1277 1069 1361 μακαρίων
1091 1271 1280 1358 θεαμάτων

220 1383 282 1468 ύλη
306 1413 354 1465 τις
377 1394 411 1452 ἐκ
428 1388 519 1453 θεῶν
533 1388 772 1474 παραδίδοται·
797 1382 881 1467 αύτη
896 1382 1004 1466 δήπου
1018 1380 1175 1473 συμφυής
1188 1389 1279 1451 ἐστιν
1298 1404 1315 1455 a

221 1497 335 1576 αὐτοῖς
356 1499 489 1575 ἐκείνοις
510 1507 581 1574 τοῖς
603 1498 765 1564 διδοῦσιν·
788 1495 908 1564 οὐκοῦν
929 1499 987 1562 καὶ
1008 1493 1031 1574 ή
1046 1499 1106 1574 τῆς
1120 1492 1279 1575 τοιαύτης

221 1606 301 1689 ύλης
323 1611 431 1675 θυσία
454 1608 611 1696 ἀνεγείρει
640 1604 717 1686 τούς
739 1604 843 1685 θεούς
866 1612 919 1675 ἐπὶ
944 1604 1004 1688 τήν
1033 1610 1194 1697 ἔμφασιν,
1222 1608 1281 1671 καὶ

221 1721 457 1806 προσκαλεῖται
478 1718 603 1796 εὐθέως
624 1715 708 1807 πρός
736 1718 940 1810 κατάληψιν,
967 1728 1066 1805 χωρεῖ
1094 1741 1128 1784 τε
1158 1713 1281 1795 αὐτούς
1300 1735 1332 1785 12

221 1834 525 1919 παραγιγνομένους
546 1833 603 1896 καὶ
624 1833 752 1907 τελείως
775 1833 987 1915 ὲπιδείκνυσις

164 1951 203 2008 21
317 1937 368 2005 Τά
390 1939 421 2006 δ’
441 1935 527 2007 αύτά
549 1937 592 2007 ἀν
620 1967 670 2019 τις
697 1939 896 2027 καταμάθοι
921 1946 978 2008 καὶ
1007 1937 1075 2008 ἀπά
1105 1945 1165 2022 τῆς
1192 1935 1282 2006 κατά

221 2049 343 2129 τόπους
366 2054 528 2137 διανομῆς
550 2056 606 2119 καὶ
621 2048 689 2119 ἀπδ
712 2056 771 2135 τῆς
793 2057 949 2140 μεριστῆς
970 2052 1023 2144 ἐφ’
1043 2049 1193 2119 ἑκάστων
1214 2055 1282 2118 τῶν
1300 2073 1332 2125 15

222 2159 327 2231 όντων
350 2167 551 2240 ἐπιστασίας,
574 2160 636 2244 ὅση
659 2159 745 2229 κατά
768 2161 951 2255 διαφόρους
967 2161 1074 2245 τάξεις
1089 2159 1110 2244 ἢ
1125 2162 1282 2248 μείζονας

221 2271 243 2357 ή
265 2271 444 2352 ίλάττονας
466 2269 526 2350 τάς
548 2271 652 2354 λήξεις
676 2272 799 2352 ταύτας
821 2280 1051 2361 κατενείματο·
1081 2276 1186 2356 δῆλον
1214 2269 1280 2362 γάρ

223 2383 331 2468 δήπου
360 2384 475 2466 τοῦθ’,
498 2381 549 2452 ότι
577 2395 649 2463 τοῖς
677 2384 889 2471 ὲπιβεβηκόσι
915 2390 1015 2455 τινῶν
1042 2383 1154 2453 τόπων
1183 2388 1283 2462 θεοῖς
1301 2399 1334 2451 18

295 2661 320 2712 9.
347 2653 450 2726 δήπου]
470 2659 539 2710 δίπω
558 2657 614 2710 Cb.
695 2659 738 2710 11.
765 2660 876 2728 ίκφασιν
895 2656 975 2710 Aen.
1059 2658 1101 2709 12.
1130 2652 1228 2716 εύθίος
1247 2657 1284 2714 Ι),

305 2737 483 2812 {lunarii-rapas
501 2743 533 2795 Β.
616 2745 657 2796 13.
685 2742 943 2815 παραγιγνομένους]
962 2743 998 2796 sie
1016 2743 1073 2807 Ab,
1100 2745 1284 2817 παραγιτσμί-

296 2847 358 2887 τους
376 2828 410 2880 0.
484 2830 526 2880 15.
553 2825 685 2894 ἑκάστων]
704 2828 740 2880 sic
759 2829 813 2894 Ae,
841 2825 942 2897 ἑκάστῳ
962 2829 996 2881 0.

225 3081 279 3138 diis
298 3079 419 3149 alienam,
430 3080 512 3138 ¹illam
530 3091 617 3138 eutem
635 3082 733 3160 eligere
751 3093 859 3162 oportet
871 3104 939 3160 quae
950 3085 984 3140 iis
996 3085 1106 3162 propria
1118 3093 1170 3152 est,
1189 3093 1286 3162 utpote

226 3188 294 3243 quae
311 3169 454 3224 convenire
471 3170 560 3244 possit
578 3178 635 3225 tum
652 3169 687 3225 ad
705 3168 815 3227 deorum
833 3170 954 3226 aedificia
973 3180 1001 3226 et
1018 3179 1118 3226 statuas
1139 3170 1284 3247 ponendas

225 3263 284 3308 tum
300 3255 379 3309 etiam
402 3253 436 3309 ad
454 3255 585 3311 sacrificia
602 3256 762 3332 peragenda.
809 3276 896 3331 neque
914 3258 996 3311 enim-
1007 3255 1085 3312 aliter
1107 3256 1284 3312 terrestribus

225 3338 295 3396 loeis
313 3348 341 3394 et
358 3338 509 3397 bominibus
528 3342 595 3398 inibi
613 3340 792 3398 habitantibus
810 3345 902 3420 portio
913 3341 967 3398 ulia
980 3363 995 3397 a
1006 3340 1162 3398 melioribus
1174 3342 1284 3418 adquiri

225 3428 321 3504 possit,
339 3427 393 3482 nisi
410 3424 463 3482 tale
483 3427 628 3505 quodpiam
645 3431 721 3504 prius
739 3430 838 3484 iactum
855 3426 935 3483 fuerit
946 3427 1152 3484 fundamentum.
1196 3447 1285 3505 porro

224 3513 306 3570 fidem
325 3511 451 3569 adbibere
469 3523 578 3590 oportet
594 3517 698 3571 areanis
716 3514 893 3583 sermonibus,
913 3516 959 3590 qui
977 3523 1111 3570 testantur
1122 3535 1156 3571 ex
1168 3513 1223 3571 diis
1234 3533 1286 3592 per

225 3597 316 3654 beatas
334 3602 455 3656 visiones
472 3602 610 3656 materiam
627 3599 759 3675 quandam
777 3600 854 3656 tradi.
900 3599 966 3656 haee
984 3601 1066 3676 igitur
1081 3599 1136 3656 illis
1149 3603 1220 3678 ipsis
1233 3610 1285 3656 tre·

227 3682 351 3740 dentibus
369 3694 411 3740 est
428 3695 546 3760 cognata.
594 3706 683 3741 nonne
701 3688 782 3763 igitur
799 3686 953 3744 huiusmodi
970 3688 1103 3743 materiae>
1120 3687 1286 3743 sacrificium

226 3768 292 3825 deos
315 3769 349 3825 ad
370 3791 400 3827 se
419 3770 601 3829 ostendendos
620 3774 731 3840 excitat,
755 3782 782 3829 et
805 3773 840 3829 ad
862 3773 1130 3852 comprehensionem
1154 3775 1285 3830 continuo

226 3865 368 3934 provocet;
386 3859 510 3934 capitque
528 3879 575 3915 eos
593 3859 768 3917 advenientes
785 3870 813 3915 et
829 3858 947 3936 perfecte
964 3859 1102 3916 ostendit?

169 3948 209 4007 21
296 3939 399 3998 Eadem
425 3941 522 4018 aliquis
548 3945 704 4021 perdiscere
727 3955 819 4024 potest
843 3949 922 4003 etiam
949 3947 983 4002 ab
1004 3956 1065 4023 apta
1092 3943 1288 4001 distributione

226 4029 338 4087 deorum
356 4047 406 4104 per
422 4024 497 4083 loros
516 4028 593 4098 iacta,
611 4041 691 4108 atque
709 4033 741 4088 ab
760 4035 819 4110 ipsa
837 4052 948 4110 porres
967 4030 1085 4108 singulus
1104 4030 1190 4087 divise
1209 4050 1289 4108 prae·

225 4114 326 4172 iectura
345 4133 414 4190 quae
431 4132 481 4191 per
497 4115 587 4171 varios
605 4119 719 4174 maiores
738 4121 891 4176 minoresve
908 4117 1018 4174 ordines
1040 4116 1173 4174 eiusmodi
1196 4125 1288 4172 sortes

228 4212 303 4258 nacta
326 4210 376 4258 est.
425 4210 466 4258 est
488 4201 590 4277 quippe
611 4201 664 4260 boe
686 4203 867 4270 manifestum,
895 4204 948 4261 diis
970 4204 1137 4280 quorundam
1160 4201 1290 4260 locorum
