<?xml version="1.0" encoding="UTF-8"?>
<!DOCTYPE html PUBLIC "-//W3C//DTD XHTML 1.0 Transitional//EN"
    "http://www.w3.org/TR/xhtml1/DTD/xhtml1-transitional.dtd">
<html xmlns="http://www.w3.org/1999/xhtml" xml:lang="en" lang="en">
 <head>
  <title>
</title>
<meta http-equiv="Content-Type" content="text/html;charset=utf-8" />
  <meta name='ocr-system' content='tesseract 3.04.00' />
  <meta name='ocr-capabilities' content='ocr_page ocr_carea ocr_par ocr_line ocrx_word'/>
</head>
<body>
  <div class='ocr_page' id='page_1' title='image "./jamblichidemyst00jambgoog_0451.png"; bbox 0 0 2776 4876; ppageno 0'>
   <div class='ocr_carea' id='block_1_1' title="bbox 220 312 273 366">
    <p class='ocr_par' dir='ltr' id='par_1_1' title="bbox 220 312 273 366">
     <span class='ocr_line' id='line_1_1' title="bbox 220 312 273 366; baseline 0 0"><span class='ocrx_word' id='word_1_1' title='bbox 220 312 273 366; x_wconf 75' lang='grc'><strong><em>812</em></strong></span> 
     </span>
    </p>
   </div>
   <div class='ocr_carea' id='block_1_2' title="bbox 216 470 722 2436">
    <p class='ocr_par' dir='ltr' id='par_1_2' title="bbox 216 470 722 2436">
     <span class='ocr_line' id='line_1_2' title="bbox 257 470 721 540; baseline 0 -15"><span class='ocrx_word' id='word_1_2' title='bbox 257 499 291 513; x_wconf 90' lang='lat'>-</span> <span class='ocrx_word' id='word_1_3' title='bbox 314 470 333 540; x_wconf 71' lang='grc' dir='ltr'><em>ἢ</em></span> <span class='ocrx_word' id='word_1_4' title='bbox 350 474 455 526; x_wconf 77' lang='grc' dir='ltr'><strong><em>εἴδωλον</em></strong></span> <span class='ocrx_word' id='word_1_5' title='bbox 471 470 535 533; x_wconf 98' lang='grc'><strong>241,</strong></span> <span class='ocrx_word' id='word_1_6' title='bbox 550 471 596 532; x_wconf 80' lang='grc' dir='ltr'><strong>Ι4ς</strong></span> <span class='ocrx_word' id='word_1_7' title='bbox 618 498 653 509; x_wconf 90' lang='lat'><strong><em>·-</em></strong></span> <span class='ocrx_word' id='word_1_8' title='bbox 674 473 721 540; x_wconf 70' lang='grc' dir='ltr'><strong><em>τῆς</em></strong></span> 
     </span>
     <span class='ocr_line' id='line_1_3' title="bbox 256 557 517 628; baseline 0.004 -18"><span class='ocrx_word' id='word_1_9' title='bbox 256 557 385 628; x_wconf 73' lang='grc' dir='ltr'><strong><em>μαντικῆς</em></strong></span> <span class='ocrx_word' id='word_1_10' title='bbox 404 558 517 620; x_wconf 89' lang='grc'><strong>164,10.</strong></span> 
     </span>
     <span class='ocr_line' id='line_1_4' title="bbox 222 640 713 714; baseline 0 -19"><span class='ocrx_word' id='word_1_11' title='bbox 222 644 320 714; x_wconf 77' lang='grc' dir='ltr'><strong><em>ίχάριιν</em></strong></span> <span class='ocrx_word' id='word_1_12' title='bbox 339 642 431 697; x_wconf 77' lang='grc' dir='ltr'><strong><em>άλικάν</em></strong></span> <span class='ocrx_word' id='word_1_13' title='bbox 452 640 600 714; x_wconf 86' lang='grc' dir='ltr'><strong><em>ἀνάμεστα</em></strong></span> <span class='ocrx_word' id='word_1_14' title='bbox 623 643 713 705; x_wconf 88' lang='grc'><strong>80,10</strong></span> 
     </span>
     <span class='ocr_line' id='line_1_5' title="bbox 221 725 681 800; baseline 0 -18"><span class='ocrx_word' id='word_1_15' title='bbox 221 734 298 800; x_wconf 81' lang='grc' dir='ltr'><strong><em>ίιιμεν</em></strong></span> <span class='ocrx_word' id='word_1_16' title='bbox 316 730 359 783; x_wconf 73' lang='grc' dir='ltr'><strong><em>ἐπὶ</em></strong></span> <span class='ocrx_word' id='word_1_17' title='bbox 376 733 423 798; x_wconf 76' lang='grc' dir='ltr'><strong><em>τὴν</em></strong></span> <span class='ocrx_word' id='word_1_18' title='bbox 441 725 581 800; x_wconf 83' lang='grc' dir='ltr'><strong><em>ἀπόκρισιν</em></strong></span> <span class='ocrx_word' id='word_1_19' title='bbox 601 729 643 794; x_wconf 90' lang='grc'><strong><em>16,</em></strong></span> <span class='ocrx_word' id='word_1_20' title='bbox 656 730 681 782; x_wconf 87' lang='grc'><strong><em>6.</em></strong></span> 
     </span>
     <span class='ocr_line' id='line_1_6' title="bbox 221 815 570 886; baseline 0 -19"><span class='ocrx_word' id='word_1_21' title='bbox 221 815 438 886; x_wconf 83' lang='grc' dir='ltr'><strong><em>καθαγιαζόμενα</em></strong></span> <span class='ocrx_word' id='word_1_22' title='bbox 455 815 570 876; x_wconf 63' lang='grc'><strong>23614.</strong></span> 
     </span>
     <span class='ocr_line' id='line_1_7' title="bbox 220 900 630 972; baseline 0.005 -19"><span class='ocrx_word' id='word_1_23' title='bbox 220 903 377 969; x_wconf 72' lang='grc' dir='ltr'><strong><em>καθαγίζειν</em></strong></span> <span class='ocrx_word' id='word_1_24' title='bbox 394 900 507 972; x_wconf 73' lang='grc' dir='ltr'><strong><em>σώματα</em></strong></span> <span class='ocrx_word' id='word_1_25' title='bbox 528 902 630 966; x_wconf 71' lang='lat' dir='ltr'><strong>2211,ss-</strong></span> 
     </span>
     <span class='ocr_line' id='line_1_8' title="bbox 221 986 721 1058; baseline 0 -20"><span class='ocrx_word' id='word_1_26' title='bbox 221 986 406 1058; x_wconf 74' lang='grc' dir='ltr'><strong><em>καθαρεύουσι</em></strong></span> <span class='ocrx_word' id='word_1_27' title='bbox 416 988 459 1051; x_wconf 81' lang='grc'><strong><em>64,</em></strong></span> <span class='ocrx_word' id='word_1_28' title='bbox 468 988 500 1049; x_wconf 87' lang='grc'><strong><em>9;</em></strong></span> <span class='ocrx_word' id='word_1_29' title='bbox 520 1018 550 1031; x_wconf 87' lang='lat'><strong><em>·-</em></strong></span> <span class='ocrx_word' id='word_1_30' title='bbox 570 988 621 1045; x_wconf 77' lang='grc' dir='ltr'><strong><em>τάν</em></strong></span> <span class='ocrx_word' id='word_1_31' title='bbox 629 987 721 1042; x_wconf 77' lang='grc' dir='ltr'><strong><em>ἀθέων</em></strong></span> 
     </span>
     <span class='ocr_line' id='line_1_9' title="bbox 250 1073 543 1144; baseline 0.01 -21"><span class='ocrx_word' id='word_1_32' title='bbox 250 1073 358 1144; x_wconf 44' lang='grc' dir='ltr'><strong><em>,τρόπων</em></strong></span> <span class='ocrx_word' id='word_1_33' title='bbox 377 1073 436 1136; x_wconf 90' lang='grc'><strong>176,</strong></span> <span class='ocrx_word' id='word_1_34' title='bbox 452 1074 543 1127; x_wconf 78' lang='grc'><strong>1213.</strong></span> 
     </span>
     <span class='ocr_line' id='line_1_10' title="bbox 220 1158 573 1230; baseline 0.008 -21"><span class='ocrx_word' id='word_1_35' title='bbox 220 1164 355 1230; x_wconf 73' lang='grc' dir='ltr'><strong><em>καθαροῖς</em></strong></span> <span class='ocrx_word' id='word_1_36' title='bbox 371 1160 457 1228; x_wconf 88' lang='grc' dir='ltr'><strong><em>λόγοις</em></strong></span> <span class='ocrx_word' id='word_1_37' title='bbox 479 1158 535 1223; x_wconf 86' lang='grc'><strong>108,</strong></span> <span class='ocrx_word' id='word_1_38' title='bbox 549 1160 573 1212; x_wconf 91' lang='grc'><strong><em>7.</em></strong></span> 
     </span>
     <span class='ocr_line' id='line_1_11' title="bbox 220 1245 648 1319; baseline 0.009 -25"><span class='ocrx_word' id='word_1_39' title='bbox 220 1245 345 1316; x_wconf 81' lang='grc' dir='ltr'><strong><em>καθαράν</em></strong></span> <span class='ocrx_word' id='word_1_40' title='bbox 362 1251 407 1299; x_wconf 79' lang='grc' dir='ltr'><strong><em>καὶ</em></strong></span> <span class='ocrx_word' id='word_1_41' title='bbox 423 1249 527 1319; x_wconf 68' lang='grc' dir='ltr'><strong><em>ἑδραῖον</em></strong></span> <span class='ocrx_word' id='word_1_42' title='bbox 552 1247 648 1312; x_wconf 88' lang='grc'><strong>79,14.</strong></span> 
     </span>
     <span class='ocr_line' id='line_1_12' title="bbox 220 1331 609 1403; baseline 0.015 -23"><span class='ocrx_word' id='word_1_43' title='bbox 220 1331 375 1403; x_wconf 77' lang='grc' dir='ltr'><strong><em>καθαρότης</em></strong></span> <span class='ocrx_word' id='word_1_44' title='bbox 392 1331 409 1401; x_wconf 77' lang='grc' dir='ltr'><em>ἡ</em></span> <span class='ocrx_word' id='word_1_45' title='bbox 427 1337 493 1386; x_wconf 84' lang='grc' dir='ltr'><strong><em>θεία</em></strong></span> <span class='ocrx_word' id='word_1_46' title='bbox 510 1333 609 1398; x_wconf 89' lang='grc'><strong>98,10.</strong></span> 
     </span>
     <span class='ocr_line' id='line_1_13' title="bbox 219 1418 722 1489; baseline 0.008 -21"><span class='ocrx_word' id='word_1_47' title='bbox 219 1418 400 1487; x_wconf 70' lang='grc' dir='ltr'><strong><em>καθαρότητα</em></strong></span> <span class='ocrx_word' id='word_1_48' title='bbox 425 1422 471 1473; x_wconf 77' lang='grc' dir='ltr'><strong><em>καὶ</em></strong></span> <span class='ocrx_word' id='word_1_49' title='bbox 497 1420 646 1489; x_wconf 87' lang='grc' dir='ltr'><strong><em>λεπτότητα</em></strong></span> <span class='ocrx_word' id='word_1_50' title='bbox 672 1422 722 1473; x_wconf 76' lang='grc' dir='ltr'><strong><em>τοῦ</em></strong></span> 
     </span>
     <span class='ocr_line' id='line_1_14' title="bbox 255 1503 721 1574; baseline 0.004 -19"><span class='ocrx_word' id='word_1_51' title='bbox 255 1506 337 1574; x_wconf 87' lang='grc' dir='ltr'><strong><em>πυρὸς</em></strong></span> <span class='ocrx_word' id='word_1_52' title='bbox 354 1505 475 1567; x_wconf 88' lang='grc'><strong>214,16;</strong></span> <span class='ocrx_word' id='word_1_53' title='bbox 499 1530 531 1542; x_wconf 90' lang='grc'>-</span> <span class='ocrx_word' id='word_1_54' title='bbox 556 1503 667 1574; x_wconf 72' lang='grc' dir='ltr'><strong><em>ἀνεκτὴν</em></strong></span> <span class='ocrx_word' id='word_1_55' title='bbox 685 1510 721 1565; x_wconf 83' lang='grc' dir='ltr'><strong><em>εἰς</em></strong></span> 
     </span>
     <span class='ocr_line' id='line_1_15' title="bbox 255 1586 549 1658; baseline 0.017 -19"><span class='ocrx_word' id='word_1_56' title='bbox 255 1589 287 1641; x_wconf 90' lang='grc' dir='ltr'><strong><em>τό</em></strong></span> <span class='ocrx_word' id='word_1_57' title='bbox 305 1586 431 1644; x_wconf 72' lang='grc' dir='ltr'><strong><em>ἀναπνεῖν</em></strong></span> <span class='ocrx_word' id='word_1_58' title='bbox 449 1591 549 1658; x_wconf 89' lang='grc'><strong>86,13.</strong></span> 
     </span>
     <span class='ocr_line' id='line_1_16' title="bbox 219 1672 721 1746; baseline 0.014 -22"><span class='ocrx_word' id='word_1_59' title='bbox 219 1672 355 1746; x_wconf 87' lang='grc' dir='ltr'><strong><em>κάθαρσιν</em></strong></span> <span class='ocrx_word' id='word_1_60' title='bbox 382 1679 482 1730; x_wconf 70' lang='grc' dir='ltr'><strong><em>παθεῖν</em></strong></span> <span class='ocrx_word' id='word_1_61' title='bbox 504 1678 548 1742; x_wconf 92' lang='grc'><strong><em>41,</em></strong></span> <span class='ocrx_word' id='word_1_62' title='bbox 570 1678 616 1740; x_wconf 80' lang='lat'><strong>163</strong></span> <span class='ocrx_word' id='word_1_63' title='bbox 645 1708 675 1718; x_wconf 91' lang='lat'><em>-</em></span> <span class='ocrx_word' id='word_1_64' title='bbox 704 1675 721 1744; x_wconf 71' lang='grc' dir='ltr'><em>ἢ</em></span> 
     </span>
     <span class='ocr_line' id='line_1_17' title="bbox 253 1762 675 1830; baseline 0.009 -19"><span class='ocrx_word' id='word_1_65' title='bbox 253 1763 383 1814; x_wconf 70' lang='grc' dir='ltr'><strong><em>τελείωσιν</em></strong></span> <span class='ocrx_word' id='word_1_66' title='bbox 400 1764 487 1830; x_wconf 72' lang='grc' dir='ltr'><strong><em>ψυχῆς</em></strong></span> <span class='ocrx_word' id='word_1_67' title='bbox 503 1762 675 1827; x_wconf 88' lang='grc'><strong>206,16.17.</strong></span> 
     </span>
     <span class='ocr_line' id='line_1_18' title="bbox 219 1845 623 1916; baseline 0.005 -19"><span class='ocrx_word' id='word_1_68' title='bbox 219 1845 420 1916; x_wconf 75' lang='grc' dir='ltr'><strong><em>καθαρωτάτην</em></strong></span> <span class='ocrx_word' id='word_1_69' title='bbox 438 1849 505 1916; x_wconf 80' lang='grc' dir='ltr'><strong><em>ζωὴν</em></strong></span> <span class='ocrx_word' id='word_1_70' title='bbox 522 1848 623 1911; x_wconf 89' lang='grc'><strong>66,14.</strong></span> 
     </span>
     <span class='ocr_line' id='line_1_19' title="bbox 218 1932 497 1998; baseline 0.014 -16"><span class='ocrx_word' id='word_1_71' title='bbox 218 1936 378 1985; x_wconf 84' lang='grc' dir='ltr'><strong><em>καθέκαστα</em></strong></span> <span class='ocrx_word' id='word_1_72' title='bbox 395 1932 497 1998; x_wconf 87' lang='grc'><strong>38,12.</strong></span> 
     </span>
     <span class='ocr_line' id='line_1_20' title="bbox 218 2019 615 2086; baseline 0.015 -17"><span class='ocrx_word' id='word_1_73' title='bbox 218 2021 342 2071; x_wconf 82' lang='grc' dir='ltr'><strong><em>καθέλκει</em></strong></span> <span class='ocrx_word' id='word_1_74' title='bbox 359 2022 401 2071; x_wconf 66' lang='grc' dir='ltr'><strong><em>ἐπὶ</em></strong></span> <span class='ocrx_word' id='word_1_75' title='bbox 421 2019 519 2086; x_wconf 89' lang='grc'><strong>82,10.</strong></span> <span class='ocrx_word' id='word_1_76' title='bbox 612 2070 615 2075; x_wconf 96' lang='grc'><strong><em>.</em></strong></span> 
     </span>
     <span class='ocr_line' id='line_1_21' title="bbox 218 2107 707 2177; baseline 0.004 -21"><span class='ocrx_word' id='word_1_77' title='bbox 218 2109 396 2160; x_wconf 79' lang='grc' dir='ltr'><strong><em>καθέλκουσιν</em></strong></span> <span class='ocrx_word' id='word_1_78' title='bbox 413 2110 449 2166; x_wconf 80' lang='grc' dir='ltr'><strong><em>εἰς</em></strong></span> <span class='ocrx_word' id='word_1_79' title='bbox 467 2108 612 2177; x_wconf 79' lang='grc' dir='ltr'><strong><em>τὴνφύσιν</em></strong></span> <span class='ocrx_word' id='word_1_80' title='bbox 630 2107 673 2170; x_wconf 87' lang='grc'><strong><em>79,</em></strong></span> <span class='ocrx_word' id='word_1_81' title='bbox 683 2107 707 2158; x_wconf 81' lang='grc'><strong><em>9.</em></strong></span> 
     </span>
     <span class='ocr_line' id='line_1_22' title="bbox 217 2187 577 2261; baseline 0.006 -18"><span class='ocrx_word' id='word_1_82' title='bbox 217 2193 391 2261; x_wconf 76' lang='grc' dir='ltr'><strong><em>καθήκουσαι</em></strong></span> <span class='ocrx_word' id='word_1_83' title='bbox 408 2187 460 2245; x_wconf 76' lang='grc' dir='ltr'><strong><em>ἀπ’</em></strong></span> <span class='ocrx_word' id='word_1_84' title='bbox 482 2191 540 2254; x_wconf 88' lang='grc'><strong>194,</strong></span> <span class='ocrx_word' id='word_1_85' title='bbox 552 2192 577 2245; x_wconf 88' lang='grc'><strong><em>8.</em></strong></span> 
     </span>
     <span class='ocr_line' id='line_1_23' title="bbox 217 2275 647 2349; baseline 0.009 -20"><span class='ocrx_word' id='word_1_86' title='bbox 217 2283 355 2349; x_wconf 80' lang='grc' dir='ltr'><strong><em>καθημένη</em></strong></span> <span class='ocrx_word' id='word_1_87' title='bbox 372 2283 414 2332; x_wconf 66' lang='lat' dir='ltr'><strong><em>cuz</em></strong></span> <span class='ocrx_word' id='word_1_88' title='bbox 432 2275 527 2339; x_wconf 78' lang='grc' dir='ltr'><strong><em>ἀξονος</em></strong></span> <span class='ocrx_word' id='word_1_89' title='bbox 551 2280 611 2344; x_wconf 91' lang='grc'><strong>127,</strong></span> <span class='ocrx_word' id='word_1_90' title='bbox 623 2282 647 2333; x_wconf 88' lang='grc'><strong><em>6.</em></strong></span> 
     </span>
     <span class='ocr_line' id='line_1_24' title="bbox 216 2360 683 2436; baseline 0.004 -20"><span class='ocrx_word' id='word_1_91' title='bbox 216 2364 387 2435; x_wconf 79' lang='grc' dir='ltr'><strong><em>καθιδρύσεις</em></strong></span> <span class='ocrx_word' id='word_1_92' title='bbox 404 2360 564 2436; x_wconf 73' lang='grc' dir='ltr'><strong><em>ἀγαλμάτων</em></strong></span> <span class='ocrx_word' id='word_1_93' title='bbox 582 2367 646 2435; x_wconf 89' lang='grc'><strong>234,</strong></span> <span class='ocrx_word' id='word_1_94' title='bbox 658 2367 683 2418; x_wconf 92' lang='grc'><strong><em>3.</em></strong></span> 
     </span>
    </p>
   </div>
   <div class='ocr_carea' id='block_1_3' title="bbox 767 467 1275 2350">
    <p class='ocr_par' dir='ltr' id='par_1_3' title="bbox 768 467 1272 541">
     <span class='ocr_line' id='line_1_25' title="bbox 768 467 1272 541; baseline -0.006 -18"><span class='ocrx_word' id='word_1_95' title='bbox 768 471 955 539; x_wconf 82' lang='grc' dir='ltr'><strong><em>παταγινάσκει</em></strong></span> <span class='ocrx_word' id='word_1_96' title='bbox 971 469 1018 540; x_wconf 71' lang='grc' dir='ltr'><strong><em>τῆς</em></strong></span> <span class='ocrx_word' id='word_1_97' title='bbox 1030 467 1179 541; x_wconf 75' lang='grc' dir='ltr'><strong><em>ἀπρεπείας</em></strong></span> <span class='ocrx_word' id='word_1_98' title='bbox 1195 469 1272 533; x_wconf 86' lang='grc'><strong>39,7.</strong></span> 
     </span>
    </p>

    <p class='ocr_par' dir='ltr' id='par_1_4' title="bbox 768 554 1271 626">
     <span class='ocr_line' id='line_1_26' title="bbox 768 554 1271 626; baseline -0.002 -17"><span class='ocrx_word' id='word_1_99' title='bbox 768 555 928 625; x_wconf 76' lang='grc' dir='ltr'><strong><em>κατάγουσα</em></strong></span> <span class='ocrx_word' id='word_1_100' title='bbox 937 561 973 616; x_wconf 77' lang='grc' dir='ltr'><strong><em>εἰς</em></strong></span> <span class='ocrx_word' id='word_1_101' title='bbox 982 557 1030 624; x_wconf 74' lang='grc' dir='ltr'><strong><em>την</em></strong></span> <span class='ocrx_word' id='word_1_102' title='bbox 1037 557 1184 626; x_wconf 83' lang='grc' dir='ltr'><strong><em>ίπιμίλειαν</em></strong></span> <span class='ocrx_word' id='word_1_103' title='bbox 1196 554 1240 620; x_wconf 88' lang='grc'><strong><em>79,</em></strong></span> <span class='ocrx_word' id='word_1_104' title='bbox 1246 554 1271 608; x_wconf 87' lang='grc'><strong><em>9.</em></strong></span> 
     </span>
    </p>

    <p class='ocr_par' dir='ltr' id='par_1_5' title="bbox 768 641 1272 790">
     <span class='ocr_line' id='line_1_27' title="bbox 768 641 1272 713; baseline -0.002 -19"><span class='ocrx_word' id='word_1_105' title='bbox 768 645 912 713; x_wconf 78' lang='grc' dir='ltr'><strong><em>καταγαγά</em></strong></span> <span class='ocrx_word' id='word_1_106' title='bbox 932 641 1018 712; x_wconf 68' lang='grc' dir='ltr'><strong><em>ψυχῆς</em></strong></span> <span class='ocrx_word' id='word_1_107' title='bbox 1042 641 1145 703; x_wconf 82' lang='grc'><strong>169,3;</strong></span> <span class='ocrx_word' id='word_1_108' title='bbox 1168 666 1200 678; x_wconf 92' lang='lat'><strong><em>··</em></strong></span> <span class='ocrx_word' id='word_1_109' title='bbox 1225 645 1272 693; x_wconf 80' lang='grc' dir='ltr'><strong><em>καὶ</em></strong></span> 
     </span>
     <span class='ocr_line' id='line_1_28' title="bbox 803 725 1056 790; baseline -0.012 -8"><span class='ocrx_word' id='word_1_110' title='bbox 803 725 939 782; x_wconf 74' lang='grc' dir='ltr'><strong><em>ἀντίτυπα</em></strong></span> <span class='ocrx_word' id='word_1_111' title='bbox 956 728 1020 790; x_wconf 89' lang='grc'><strong>216,</strong></span> <span class='ocrx_word' id='word_1_112' title='bbox 1032 727 1056 780; x_wconf 90' lang='grc'><strong><em>6.</em></strong></span> 
     </span>
    </p>

    <p class='ocr_par' dir='ltr' id='par_1_6' title="bbox 768 813 1260 884">
     <span class='ocr_line' id='line_1_29' title="bbox 768 813 1260 884; baseline 0 -18"><span class='ocrx_word' id='word_1_113' title='bbox 768 815 921 883; x_wconf 73' lang='grc' dir='ltr'><strong><em>καταγωγὰς</em></strong></span> <span class='ocrx_word' id='word_1_114' title='bbox 937 817 979 867; x_wconf 63' lang='lat' dir='ltr'><strong><em>aaz</em></strong></span> <span class='ocrx_word' id='word_1_115' title='bbox 997 816 1045 883; x_wconf 82' lang='grc' dir='ltr'><strong><em>την</em></strong></span> <span class='ocrx_word' id='word_1_116' title='bbox 1063 817 1160 884; x_wconf 86' lang='grc' dir='ltr'><strong><em>γίνεσιν</em></strong></span> <span class='ocrx_word' id='word_1_117' title='bbox 1177 813 1222 877; x_wconf 90' lang='grc'><strong><em>83,</em></strong></span> <span class='ocrx_word' id='word_1_118' title='bbox 1234 815 1260 866; x_wconf 90' lang='grc'><strong><em>6.</em></strong></span> 
     </span>
    </p>

    <p class='ocr_par' dir='ltr' id='par_1_7' title="bbox 768 899 1220 970">
     <span class='ocr_line' id='line_1_30' title="bbox 768 899 1220 970; baseline 0.002 -18"><span class='ocrx_word' id='word_1_119' title='bbox 768 901 963 970; x_wconf 72' lang='grc' dir='ltr'><strong><em>καταδεέστεροι</em></strong></span> <span class='ocrx_word' id='word_1_120' title='bbox 986 899 1091 964; x_wconf 83' lang='grc'><strong>91,11;</strong></span> <span class='ocrx_word' id='word_1_121' title='bbox 1118 901 1180 964; x_wconf 90' lang='grc'><strong>272,</strong></span> <span class='ocrx_word' id='word_1_122' title='bbox 1193 900 1220 953; x_wconf 88' lang='grc'><strong><em>3.</em></strong></span> 
     </span>
    </p>

    <p class='ocr_par' dir='ltr' id='par_1_8' title="bbox 769 983 1272 1142">
     <span class='ocr_line' id='line_1_31' title="bbox 769 983 1272 1057; baseline 0 -20"><span class='ocrx_word' id='word_1_123' title='bbox 769 988 977 1057; x_wconf 78' lang='grc' dir='ltr'><strong><em>καταδεεστέραν</em></strong></span> <span class='ocrx_word' id='word_1_124' title='bbox 994 983 1078 1053; x_wconf 78' lang='grc' dir='ltr'><strong><em>αὐτῆς</em></strong></span> <span class='ocrx_word' id='word_1_125' title='bbox 1107 985 1210 1049; x_wconf 87' lang='grc'><strong>16,14;</strong></span> <span class='ocrx_word' id='word_1_126' title='bbox 1243 1016 1272 1026; x_wconf 93' lang='grc'><strong>-</strong></span> 
     </span>
     <span class='ocr_line' id='line_1_32' title="bbox 803 1072 998 1142; baseline -0.005 -17"><span class='ocrx_word' id='word_1_127' title='bbox 803 1079 898 1142; x_wconf 78' lang='grc' dir='ltr'><strong><em>μοῖραν</em></strong></span> <span class='ocrx_word' id='word_1_128' title='bbox 915 1072 998 1135; x_wconf 90' lang='grc'><strong>64,1.</strong></span> 
     </span>
    </p>

    <p class='ocr_par' dir='ltr' id='par_1_9' title="bbox 769 1156 1275 1306">
     <span class='ocr_line' id='line_1_33' title="bbox 769 1156 1275 1231; baseline 0.004 -21"><span class='ocrx_word' id='word_1_129' title='bbox 769 1156 975 1225; x_wconf 81' lang='grc' dir='ltr'><strong><em>καταπλειούσης</em></strong></span> <span class='ocrx_word' id='word_1_130' title='bbox 998 1163 1044 1210; x_wconf 82' lang='grc' dir='ltr'><strong><em>καῖ</em></strong></span> <span class='ocrx_word' id='word_1_131' title='bbox 1060 1160 1275 1231; x_wconf 82' lang='grc' dir='ltr'><strong><em>περιγραφούσης</em></strong></span> 
     </span>
     <span class='ocr_line' id='line_1_34' title="bbox 803 1245 903 1306; baseline 0 -10"><span class='ocrx_word' id='word_1_132' title='bbox 803 1245 903 1306; x_wconf 90' lang='grc'><strong>27,11.</strong></span> 
     </span>
    </p>

    <p class='ocr_par' dir='ltr' id='par_1_10' title="bbox 769 1328 1029 1392">
     <span class='ocr_line' id='line_1_35' title="bbox 769 1328 1029 1392; baseline -0.015 -9"><span class='ocrx_word' id='word_1_133' title='bbox 769 1331 911 1383; x_wconf 81' lang='grc' dir='ltr'><strong><em>κατακούει</em></strong></span> <span class='ocrx_word' id='word_1_134' title='bbox 927 1328 990 1392; x_wconf 90' lang='grc'><strong>246,</strong></span> <span class='ocrx_word' id='word_1_135' title='bbox 1003 1328 1029 1381; x_wconf 93' lang='grc'><strong><em>8.</em></strong></span> 
     </span>
    </p>

    <p class='ocr_par' dir='ltr' id='par_1_11' title="bbox 769 1413 1040 1485">
     <span class='ocr_line' id='line_1_36' title="bbox 769 1413 1040 1485; baseline -0.018 -16"><span class='ocrx_word' id='word_1_136' title='bbox 769 1415 923 1485; x_wconf 76' lang='grc' dir='ltr'><strong><em>κατακωχὴν</em></strong></span> <span class='ocrx_word' id='word_1_137' title='bbox 942 1413 1002 1477; x_wconf 89' lang='grc'><strong>126,</strong></span> <span class='ocrx_word' id='word_1_138' title='bbox 1014 1414 1040 1465; x_wconf 91' lang='grc'><strong><em>2.</em></strong></span> 
     </span>
    </p>

    <p class='ocr_par' dir='ltr' id='par_1_12' title="bbox 769 1500 1115 1570">
     <span class='ocr_line' id='line_1_37' title="bbox 769 1500 1115 1570; baseline -0.006 -16"><span class='ocrx_word' id='word_1_139' title='bbox 769 1505 923 1570; x_wconf 75' lang='grc' dir='ltr'><strong><em>κατακοιχης</em></strong></span> <span class='ocrx_word' id='word_1_140' title='bbox 942 1503 997 1568; x_wconf 78' lang='grc' dir='ltr'><strong><em>εἴδη</em></strong></span> <span class='ocrx_word' id='word_1_141' title='bbox 1018 1500 1076 1561; x_wconf 92' lang='grc'><strong>111,</strong></span> <span class='ocrx_word' id='word_1_142' title='bbox 1088 1501 1115 1553; x_wconf 91' lang='grc'><strong><em>3.</em></strong></span> 
     </span>
    </p>

    <p class='ocr_par' dir='ltr' id='par_1_13' title="bbox 769 1584 1273 1659">
     <span class='ocr_line' id='line_1_38' title="bbox 769 1584 1273 1659; baseline 0.002 -19"><span class='ocrx_word' id='word_1_143' title='bbox 769 1589 944 1659; x_wconf 87' lang='grc' dir='ltr'><strong><em>καταλάμπον</em></strong></span> <span class='ocrx_word' id='word_1_144' title='bbox 958 1585 1011 1656; x_wconf 79' lang='grc' dir='ltr'><strong><em>φάς</em></strong></span> <span class='ocrx_word' id='word_1_145' title='bbox 1024 1590 1049 1644; x_wconf 73' lang='grc' dir='ltr'><strong><em>εξ</em></strong></span> <span class='ocrx_word' id='word_1_146' title='bbox 1062 1584 1139 1657; x_wconf 88' lang='grc' dir='ltr'><strong><em>ἀέρος</em></strong></span> <span class='ocrx_word' id='word_1_147' title='bbox 1158 1589 1219 1651; x_wconf 92' lang='grc'><strong>134,</strong></span> <span class='ocrx_word' id='word_1_148' title='bbox 1233 1589 1273 1641; x_wconf 88' lang='grc'><strong><em>16.</em></strong></span> 
     </span>
    </p>

    <p class='ocr_par' dir='ltr' id='par_1_14' title="bbox 769 1670 1188 1744">
     <span class='ocr_line' id='line_1_39' title="bbox 769 1670 1188 1744; baseline -0.007 -18"><span class='ocrx_word' id='word_1_149' title='bbox 769 1674 998 1744; x_wconf 87' lang='grc' dir='ltr'><strong><em>καταλάμπεσθοιι</em></strong></span> <span class='ocrx_word' id='word_1_150' title='bbox 1016 1670 1070 1725; x_wconf 76' lang='grc' dir='ltr'><strong><em>ὑπὸ</em></strong></span> <span class='ocrx_word' id='word_1_151' title='bbox 1090 1672 1150 1738; x_wconf 88' lang='grc'><strong>149,</strong></span> <span class='ocrx_word' id='word_1_152' title='bbox 1163 1675 1188 1724; x_wconf 87' lang='grc'><strong><em>4.</em></strong></span> 
     </span>
    </p>

    <p class='ocr_par' dir='ltr' id='par_1_15' title="bbox 768 1755 1236 1829">
     <span class='ocr_line' id='line_1_40' title="bbox 768 1755 1236 1829; baseline 0 -17"><span class='ocrx_word' id='word_1_153' title='bbox 768 1758 916 1829; x_wconf 81' lang='grc' dir='ltr'><strong><em>κατάληψις</em></strong></span> <span class='ocrx_word' id='word_1_154' title='bbox 935 1755 1079 1816; x_wconf 84' lang='grc' dir='ltr'><strong><em>ἀδιάλυτος</em></strong></span> <span class='ocrx_word' id='word_1_155' title='bbox 1098 1759 1158 1825; x_wconf 90' lang='grc'><strong>164,</strong></span> <span class='ocrx_word' id='word_1_156' title='bbox 1171 1762 1199 1813; x_wconf 90' lang='grc'><strong><em>2.</em></strong></span> <span class='ocrx_word' id='word_1_157' title='bbox 1208 1762 1236 1813; x_wconf 88' lang='grc'><strong><em>3.</em></strong></span> 
     </span>
    </p>

    <p class='ocr_par' dir='ltr' id='par_1_16' title="bbox 768 1843 1273 1918">
     <span class='ocr_line' id='line_1_41' title="bbox 768 1843 1273 1918; baseline 0.004 -22"><span class='ocrx_word' id='word_1_158' title='bbox 768 1843 1019 1914; x_wconf 73' lang='grc' dir='ltr'><strong><em>καταμανθάνοντα</em></strong></span> <span class='ocrx_word' id='word_1_159' title='bbox 1026 1846 1059 1898; x_wconf 83' lang='grc' dir='ltr'><strong><em>τὸ</em></strong></span> <span class='ocrx_word' id='word_1_160' title='bbox 1070 1849 1182 1918; x_wconf 74' lang='grc' dir='ltr'><strong><em>αἰσχρόν</em></strong></span> <span class='ocrx_word' id='word_1_161' title='bbox 1196 1847 1240 1913; x_wconf 86' lang='grc'><strong><em>39,</em></strong></span> <span class='ocrx_word' id='word_1_162' title='bbox 1248 1848 1273 1900; x_wconf 88' lang='grc'><strong><em>9.</em></strong></span> 
     </span>
    </p>

    <p class='ocr_par' dir='ltr' id='par_1_17' title="bbox 769 1930 1058 2002">
     <span class='ocr_line' id='line_1_42' title="bbox 769 1930 1058 2002; baseline 0.003 -20"><span class='ocrx_word' id='word_1_163' title='bbox 769 1934 923 2002; x_wconf 80' lang='grc' dir='ltr'><strong><em>καταμελεῖν</em></strong></span> <span class='ocrx_word' id='word_1_164' title='bbox 940 1930 1058 1992; x_wconf 68' lang='grc'><strong>24013.</strong></span> 
     </span>
    </p>

    <p class='ocr_par' dir='ltr' id='par_1_18' title="bbox 768 2016 1085 2088">
     <span class='ocr_line' id='line_1_43' title="bbox 768 2016 1085 2088; baseline 0.006 -20"><span class='ocrx_word' id='word_1_165' title='bbox 768 2023 964 2088; x_wconf 85' lang='grc' dir='ltr'><strong><em>καταμέτρησιν</em></strong></span> <span class='ocrx_word' id='word_1_166' title='bbox 986 2016 1046 2080; x_wconf 87' lang='grc'><strong>291,</strong></span> <span class='ocrx_word' id='word_1_167' title='bbox 1059 2017 1085 2070; x_wconf 89' lang='grc'><strong><em>6.</em></strong></span> 
     </span>
    </p>

    <p class='ocr_par' dir='ltr' id='par_1_19' title="bbox 768 2101 1272 2174">
     <span class='ocr_line' id='line_1_44' title="bbox 768 2101 1272 2174; baseline 0.004 -20"><span class='ocrx_word' id='word_1_168' title='bbox 768 2101 949 2163; x_wconf 76' lang='grc' dir='ltr'><strong><em>κατανάλωσις</em></strong></span> <span class='ocrx_word' id='word_1_169' title='bbox 960 2102 1010 2156; x_wconf 78' lang='grc' dir='ltr'><strong><em>τῶν</em></strong></span> <span class='ocrx_word' id='word_1_170' title='bbox 1023 2101 1154 2174; x_wconf 87' lang='grc' dir='ltr'><strong><em>σωμάτων</em></strong></span> <span class='ocrx_word' id='word_1_171' title='bbox 1173 2103 1235 2168; x_wconf 84' lang='grc'><strong>218,</strong></span> <span class='ocrx_word' id='word_1_172' title='bbox 1246 2105 1272 2157; x_wconf 91' lang='grc'><strong><em>6.</em></strong></span> 
     </span>
    </p>

    <p class='ocr_par' dir='ltr' id='par_1_20' title="bbox 768 2187 1025 2257">
     <span class='ocr_line' id='line_1_45' title="bbox 768 2187 1025 2257; baseline 0.008 -17"><span class='ocrx_word' id='word_1_173' title='bbox 768 2187 926 2257; x_wconf 81' lang='grc' dir='ltr'><strong><em>κατανόησις</em></strong></span> <span class='ocrx_word' id='word_1_174' title='bbox 944 2189 1025 2253; x_wconf 90' lang='grc'><strong>9,11.</strong></span> 
     </span>
    </p>

    <p class='ocr_par' dir='ltr' id='par_1_21' title="bbox 767 2273 1272 2350">
     <span class='ocr_line' id='line_1_46' title="bbox 767 2273 1272 2350; baseline 0.014 -25"><span class='ocrx_word' id='word_1_175' title='bbox 767 2276 1005 2346; x_wconf 86' lang='grc' dir='ltr'><strong><em>καταπεμπόμενον</em></strong></span> <span class='ocrx_word' id='word_1_176' title='bbox 1028 2273 1083 2330; x_wconf 81' lang='grc' dir='ltr'><strong><em>ἀπό</em></strong></span> <span class='ocrx_word' id='word_1_177' title='bbox 1112 2279 1161 2330; x_wconf 79' lang='grc' dir='ltr'><strong><em>τοῦ</em></strong></span> <span class='ocrx_word' id='word_1_178' title='bbox 1186 2274 1272 2350; x_wconf 78' lang='grc' dir='ltr'><strong><em>οὖρα-</em></strong></span> 
     </span>
    </p>
   </div>
   <div class='ocr_carea' id='block_1_4' title="bbox 801 2360 966 2424">
    <p class='ocr_par' dir='ltr' id='par_1_22' title="bbox 801 2360 966 2424">
     <span class='ocr_line' id='line_1_47' title="bbox 801 2360 966 2424; baseline 0 -12"><span class='ocrx_word' id='word_1_179' title='bbox 801 2360 849 2412; x_wconf 78' lang='grc' dir='ltr'><strong>νοῦ</strong></span> <span class='ocrx_word' id='word_1_180' title='bbox 869 2362 928 2424; x_wconf 90' lang='grc'><strong>100,</strong></span> <span class='ocrx_word' id='word_1_181' title='bbox 939 2361 966 2414; x_wconf 89' lang='grc'><strong><em>8.</em></strong></span> 
     </span>
    </p>
   </div>
   <div class='ocr_carea' id='block_1_5' title="bbox 216 2448 1083 2521">
    <p class='ocr_par' dir='ltr' id='par_1_23' title="bbox 216 2448 1083 2521">
     <span class='ocr_line' id='line_1_48' title="bbox 216 2448 1083 2521; baseline -0.001 -21"><span class='ocrx_word' id='word_1_182' title='bbox 216 2451 378 2521; x_wconf 76' lang='grc' dir='ltr'><strong><em>καθυεράται</em></strong></span> <span class='ocrx_word' id='word_1_183' title='bbox 395 2449 429 2510; x_wconf 73' lang='grc' dir='ltr'><strong><em>ὥς</em></strong></span> <span class='ocrx_word' id='word_1_184' title='bbox 446 2450 568 2520; x_wconf 72' lang='grc' dir='ltr'><strong><em>σύμβολα</em></strong></span> <span class='ocrx_word' id='word_1_185' title='bbox 583 2451 629 2516; x_wconf 82' lang='lat'><strong><em>37,</em></strong></span> <span class='ocrx_word' id='word_1_186' title='bbox 642 2453 664 2506; x_wconf 78' lang='grc'><strong><em>7,</em></strong></span> <span class='ocrx_word' id='word_1_187' title='bbox 767 2448 967 2515; x_wconf 84' lang='grc' dir='ltr'><strong><em>καταπληκτικά</em></strong></span> <span class='ocrx_word' id='word_1_188' title='bbox 985 2448 1083 2511; x_wconf 88' lang='grc'><strong>71,14.</strong></span> 
     </span>
    </p>
   </div>
   <div class='ocr_carea' id='block_1_6' title="bbox 216 2537 720 2679">
    <p class='ocr_par' dir='ltr' id='par_1_24' title="bbox 216 2537 720 2679">
     <span class='ocr_line' id='line_1_49' title="bbox 216 2537 720 2610; baseline 0.012 -25"><span class='ocrx_word' id='word_1_189' title='bbox 216 2537 364 2604; x_wconf 88' lang='grc' dir='ltr'><strong><em>καθίστησι</em></strong></span> <span class='ocrx_word' id='word_1_190' title='bbox 399 2541 435 2595; x_wconf 83' lang='grc' dir='ltr'><strong><em>εἰς</em></strong></span> <span class='ocrx_word' id='word_1_191' title='bbox 471 2543 637 2610; x_wconf 86' lang='grc' dir='ltr'><strong><em>συμμετρίαν</em></strong></span> <span class='ocrx_word' id='word_1_192' title='bbox 675 2543 720 2593; x_wconf 80' lang='grc' dir='ltr'><strong><em>καὶ</em></strong></span> 
     </span>
     <span class='ocr_line' id='line_1_50' title="bbox 251 2619 496 2679; baseline 0.008 -8"><span class='ocrx_word' id='word_1_193' title='bbox 251 2619 325 2679; x_wconf 72' lang='grc' dir='ltr'><strong><em>τάξιν</em></strong></span> <span class='ocrx_word' id='word_1_194' title='bbox 359 2623 423 2678; x_wconf 89' lang='grc'><strong>232.</strong></span> <span class='ocrx_word' id='word_1_195' title='bbox 434 2623 461 2677; x_wconf 90' lang='grc'><strong><em>3.</em></strong></span> <span class='ocrx_word' id='word_1_196' title='bbox 471 2622 496 2673; x_wconf 89' lang='grc'><strong><em>4.</em></strong></span> 
     </span>
    </p>
   </div>
   <div class='ocr_carea' id='block_1_7' title="bbox 213 2706 718 4236">
    <p class='ocr_par' dir='ltr' id='par_1_25' title="bbox 216 2706 569 2772">
     <span class='ocr_line' id='line_1_51' title="bbox 216 2706 569 2772; baseline 0.014 -15"><span class='ocrx_word' id='word_1_197' title='bbox 216 2707 291 2758; x_wconf 81' lang='grc' dir='ltr'><strong><em>καθὸ</em></strong></span> <span class='ocrx_word' id='word_1_198' title='bbox 314 2706 436 2772; x_wconf 83' lang='grc'><strong>116,12;</strong></span> <span class='ocrx_word' id='word_1_199' title='bbox 465 2709 524 2770; x_wconf 87' lang='lat'><strong>122,</strong></span> <span class='ocrx_word' id='word_1_200' title='bbox 542 2711 569 2762; x_wconf 89' lang='grc'><strong><em>2.</em></strong></span> 
     </span>
    </p>

    <p class='ocr_par' dir='ltr' id='par_1_26' title="bbox 216 2791 585 2864">
     <span class='ocr_line' id='line_1_52' title="bbox 216 2791 585 2864; baseline 0.014 -23"><span class='ocrx_word' id='word_1_201' title='bbox 216 2791 415 2864; x_wconf 69' lang='grc' dir='ltr'><strong><em>καθολικώτερον</em></strong></span> <span class='ocrx_word' id='word_1_202' title='bbox 432 2794 494 2855; x_wconf 88' lang='grc'><strong>267,</strong></span> <span class='ocrx_word' id='word_1_203' title='bbox 506 2793 534 2847; x_wconf 87' lang='grc'><strong><em>9.</em></strong></span> <span class='ocrx_word' id='word_1_204' title='bbox 544 2795 585 2846; x_wconf 90' lang='grc'><strong><em>10.</em></strong></span> 
     </span>
    </p>

    <p class='ocr_par' dir='ltr' id='par_1_27' title="bbox 216 2878 545 2949">
     <span class='ocr_line' id='line_1_53' title="bbox 216 2878 545 2949; baseline 0.009 -22"><span class='ocrx_word' id='word_1_205' title='bbox 216 2878 428 2949; x_wconf 80' lang='grc' dir='ltr'><strong><em>καθολικάτερον</em></strong></span> <span class='ocrx_word' id='word_1_206' title='bbox 445 2879 507 2942; x_wconf 85' lang='grc'><strong>273,</strong></span> <span class='ocrx_word' id='word_1_207' title='bbox 519 2879 545 2931; x_wconf 88' lang='grc'><strong><em>8.</em></strong></span> 
     </span>
    </p>

    <p class='ocr_par' dir='ltr' id='par_1_28' title="bbox 216 2963 547 3027">
     <span class='ocr_line' id='line_1_54' title="bbox 216 2963 547 3027; baseline 0.003 -12"><span class='ocrx_word' id='word_1_208' title='bbox 216 2970 397 3024; x_wconf 83' lang='grc' dir='ltr'><strong><em>καθυπονοεῖς</em></strong></span> <span class='ocrx_word' id='word_1_209' title='bbox 415 2963 477 3027; x_wconf 90' lang='grc'><strong>212,</strong></span> <span class='ocrx_word' id='word_1_210' title='bbox 491 2965 547 3021; x_wconf 87' lang='grc'><strong>1.2.</strong></span> 
     </span>
    </p>

    <p class='ocr_par' dir='ltr' id='par_1_29' title="bbox 215 3051 717 3123">
     <span class='ocr_line' id='line_1_55' title="bbox 215 3051 717 3123; baseline 0.012 -23"><span class='ocrx_word' id='word_1_211' title='bbox 215 3053 387 3119; x_wconf 87' lang='grc' dir='ltr'><strong><em>καινοτομίαν</em></strong></span> <span class='ocrx_word' id='word_1_212' title='bbox 396 3054 442 3104; x_wconf 79' lang='grc' dir='ltr'><strong><em>καλ</em></strong></span> <span class='ocrx_word' id='word_1_213' title='bbox 450 3055 621 3123; x_wconf 87' lang='grc' dir='ltr'><strong><em>παρανομίαν</em></strong></span> <span class='ocrx_word' id='word_1_214' title='bbox 626 3051 687 3118; x_wconf 89' lang='grc'><strong>269,</strong></span> <span class='ocrx_word' id='word_1_215' title='bbox 693 3053 717 3106; x_wconf 92' lang='lat'><strong>7.</strong></span> 
     </span>
    </p>

    <p class='ocr_par' dir='ltr' id='par_1_30' title="bbox 215 3136 453 3201">
     <span class='ocr_line' id='line_1_56' title="bbox 215 3136 453 3201; baseline 0.021 -16"><span class='ocrx_word' id='word_1_216' title='bbox 215 3139 358 3189; x_wconf 81' lang='grc' dir='ltr'><strong><em>κακοποιολ</em></strong></span> <span class='ocrx_word' id='word_1_217' title='bbox 376 3136 453 3201; x_wconf 88' lang='grc'><strong>63,1.</strong></span> 
     </span>
    </p>

    <p class='ocr_par' dir='ltr' id='par_1_31' title="bbox 215 3223 523 3288">
     <span class='ocr_line' id='line_1_57' title="bbox 215 3223 523 3288; baseline 0.023 -17"><span class='ocrx_word' id='word_1_218' title='bbox 215 3226 383 3287; x_wconf 79' lang='grc' dir='ltr'><strong><em>κακοτεχνίαν</em></strong></span> <span class='ocrx_word' id='word_1_219' title='bbox 405 3223 523 3288; x_wconf 89' lang='grc'><strong>287,11.</strong></span> 
     </span>
    </p>

    <p class='ocr_par' dir='ltr' id='par_1_32' title="bbox 215 3303 638 3379">
     <span class='ocr_line' id='line_1_58' title="bbox 215 3303 638 3379; baseline 0.012 -22"><span class='ocrx_word' id='word_1_220' title='bbox 215 3303 303 3359; x_wconf 85' lang='grc' dir='ltr'><strong><em>κάλλει</em></strong></span> <span class='ocrx_word' id='word_1_221' title='bbox 320 3316 348 3360; x_wconf 79' lang='grc' dir='ltr'><strong><em>τε</em></strong></span> <span class='ocrx_word' id='word_1_222' title='bbox 367 3311 413 3362; x_wconf 78' lang='grc' dir='ltr'><strong><em>καί</em></strong></span> <span class='ocrx_word' id='word_1_223' title='bbox 429 3317 539 3379; x_wconf 86' lang='grc' dir='ltr'><strong><em>μεγέθει</em></strong></span> <span class='ocrx_word' id='word_1_224' title='bbox 557 3311 600 3375; x_wconf 90' lang='grc'><strong><em>16,</em></strong></span> <span class='ocrx_word' id='word_1_225' title='bbox 613 3312 638 3362; x_wconf 91' lang='grc'><strong><em>9.</em></strong></span> 
     </span>
    </p>

    <p class='ocr_par' dir='ltr' id='par_1_33' title="bbox 214 3389 718 3543">
     <span class='ocr_line' id='line_1_59' title="bbox 214 3389 718 3468; baseline 0.012 -24"><span class='ocrx_word' id='word_1_226' title='bbox 214 3389 308 3452; x_wconf 86' lang='grc' dir='ltr'><strong><em>κάλλος</em></strong></span> <span class='ocrx_word' id='word_1_227' title='bbox 331 3392 486 3466; x_wconf 78' lang='grc' dir='ltr'><strong><em>ἡγεμονικόν</em></strong></span> <span class='ocrx_word' id='word_1_228' title='bbox 513 3400 559 3450; x_wconf 84' lang='grc' dir='ltr'><strong><em>καὶ</em></strong></span> <span class='ocrx_word' id='word_1_229' title='bbox 585 3394 718 3468; x_wconf 72' lang='grc' dir='ltr'><strong><em>αὐτοφυὲς</em></strong></span> 
     </span>
     <span class='ocr_line' id='line_1_60' title="bbox 251 3480 331 3543; baseline 0.038 -14"><span class='ocrx_word' id='word_1_230' title='bbox 251 3480 331 3543; x_wconf 89' lang='grc'><strong>74,1.</strong></span> 
     </span>
    </p>

    <p class='ocr_par' dir='ltr' id='par_1_34' title="bbox 215 3568 482 3633">
     <span class='ocr_line' id='line_1_61' title="bbox 215 3568 482 3633; baseline 0.015 -16"><span class='ocrx_word' id='word_1_231' title='bbox 215 3568 298 3624; x_wconf 83' lang='grc' dir='ltr'><strong><em>καλῶς</em></strong></span> <span class='ocrx_word' id='word_1_232' title='bbox 316 3576 399 3629; x_wconf 82' lang='grc' dir='ltr'><strong><em>ποιεῖς</em></strong></span> <span class='ocrx_word' id='word_1_233' title='bbox 417 3569 444 3633; x_wconf 88' lang='grc'><strong><em>2,</em></strong></span> <span class='ocrx_word' id='word_1_234' title='bbox 457 3569 482 3620; x_wconf 91' lang='grc'><strong><em>6.</em></strong></span> 
     </span>
    </p>

    <p class='ocr_par' dir='ltr' id='par_1_35' title="bbox 214 3647 592 3725">
     <span class='ocr_line' id='line_1_62' title="bbox 214 3647 592 3725; baseline 0.016 -25"><span class='ocrx_word' id='word_1_235' title='bbox 214 3647 318 3720; x_wconf 87' lang='grc' dir='ltr'><strong><em>κάμνων</em></strong></span> <span class='ocrx_word' id='word_1_236' title='bbox 335 3655 371 3720; x_wconf 75' lang='grc' dir='ltr'><strong><em>τῷ</em></strong></span> <span class='ocrx_word' id='word_1_237' title='bbox 391 3655 494 3725; x_wconf 85' lang='grc' dir='ltr'><strong><em>σώματι</em></strong></span> <span class='ocrx_word' id='word_1_238' title='bbox 511 3655 554 3718; x_wconf 83' lang='grc'><strong><em>66,</em></strong></span> <span class='ocrx_word' id='word_1_239' title='bbox 567 3658 592 3706; x_wconf 92' lang='grc'><strong><em>2.</em></strong></span> 
     </span>
    </p>

    <p class='ocr_par' dir='ltr' id='par_1_36' title="bbox 213 3734 650 3812">
     <span class='ocr_line' id='line_1_63' title="bbox 213 3734 650 3812; baseline 0.018 -25"><span class='ocrx_word' id='word_1_240' title='bbox 213 3734 320 3798; x_wconf 85' lang='grc' dir='ltr'><strong><em>κανόνες</em></strong></span> <span class='ocrx_word' id='word_1_241' title='bbox 337 3748 516 3812; x_wconf 80' lang='grc' dir='ltr'><strong><em>προειρημένοι</em></strong></span> <span class='ocrx_word' id='word_1_242' title='bbox 536 3739 650 3805; x_wconf 89' lang='grc'><strong>188,17.</strong></span> 
     </span>
    </p>

    <p class='ocr_par' dir='ltr' id='par_1_37' title="bbox 213 3825 716 3962">
     <span class='ocr_line' id='line_1_64' title="bbox 213 3825 716 3898; baseline 0.012 -23"><span class='ocrx_word' id='word_1_243' title='bbox 213 3826 324 3894; x_wconf 79' lang='grc' dir='ltr'><strong><em>καρδίας</em></strong></span> <span class='ocrx_word' id='word_1_244' title='bbox 342 3828 390 3876; x_wconf 83' lang='grc' dir='ltr'><strong><em>τοῦ</em></strong></span> <span class='ocrx_word' id='word_1_245' title='bbox 408 3825 583 3898; x_wconf 84' lang='grc' dir='ltr'><strong><em>ἀλεκτρυόνος</em></strong></span> <span class='ocrx_word' id='word_1_246' title='bbox 600 3828 716 3893; x_wconf 88' lang='grc'><strong>208,16.</strong></span> 
     </span>
     <span class='ocr_line' id='line_1_65' title="bbox 251 3909 293 3962; baseline 0.024 -1"><span class='ocrx_word' id='word_1_247' title='bbox 251 3909 293 3962; x_wconf 91' lang='grc'><strong><em>16.</em></strong></span> 
     </span>
    </p>

    <p class='ocr_par' dir='ltr' id='par_1_38' title="bbox 213 3993 615 4068">
     <span class='ocr_line' id='line_1_66' title="bbox 213 3993 615 4068; baseline 0.012 -20"><span class='ocrx_word' id='word_1_248' title='bbox 213 3996 332 4068; x_wconf 80' lang='grc' dir='ltr'><strong><em>καρποὺς</em></strong></span> <span class='ocrx_word' id='word_1_249' title='bbox 351 3993 397 4064; x_wconf 75' lang='grc' dir='ltr'><strong><em>της</em></strong></span> <span class='ocrx_word' id='word_1_250' title='bbox 415 4000 518 4057; x_wconf 66' lang='grc' dir='ltr'><strong><em>ἐλπίδος</em></strong></span> <span class='ocrx_word' id='word_1_251' title='bbox 536 4000 578 4063; x_wconf 91' lang='grc'><strong><em>83,</em></strong></span> <span class='ocrx_word' id='word_1_252' title='bbox 593 4002 615 4053; x_wconf 94' lang='grc'><strong><em>7.</em></strong></span> 
     </span>
    </p>

    <p class='ocr_par' dir='ltr' id='par_1_39' title="bbox 213 4081 714 4155">
     <span class='ocr_line' id='line_1_67' title="bbox 213 4081 714 4155; baseline 0.018 -23"><span class='ocrx_word' id='word_1_253' title='bbox 213 4081 283 4155; x_wconf 84' lang='grc' dir='ltr'><strong><em>κάρῳ</em></strong></span> <span class='ocrx_word' id='word_1_254' title='bbox 294 4084 445 4155; x_wconf 76' lang='grc' dir='ltr'><strong><em>προσφερὴς</em></strong></span> <span class='ocrx_word' id='word_1_255' title='bbox 454 4083 600 4154; x_wconf 79' lang='grc' dir='ltr'><strong><em>κατάληψις</em></strong></span> <span class='ocrx_word' id='word_1_256' title='bbox 612 4087 714 4153; x_wconf 90' lang='grc'><strong>104,16.</strong></span> 
     </span>
    </p>

    <p class='ocr_par' dir='ltr' id='par_1_40' title="bbox 213 4168 595 4236">
     <span class='ocr_line' id='line_1_68' title="bbox 213 4168 595 4236; baseline 0.016 -19"><span class='ocrx_word' id='word_1_257' title='bbox 213 4171 240 4219; x_wconf 75' lang='grc' dir='ltr'><strong><em>εν</em></strong></span> <span class='ocrx_word' id='word_1_258' title='bbox 257 4168 463 4236; x_wconf 72' lang='grc' dir='ltr'><strong><em>Κασταβάλλοις</em></strong></span> <span class='ocrx_word' id='word_1_259' title='bbox 481 4170 595 4234; x_wconf 83' lang='grc'><strong>110,14.</strong></span> 
     </span>
    </p>
   </div>
   <div class='ocr_carea' id='block_1_8' title="bbox 764 2532 1271 4072">
    <p class='ocr_par' dir='ltr' id='par_1_41' title="bbox 764 2532 1271 4072">
     <span class='ocr_line' id='line_1_69' title="bbox 767 2532 1050 2597; baseline 0.004 -13"><span class='ocrx_word' id='word_1_260' title='bbox 767 2532 929 2592; x_wconf 83' lang='grc' dir='ltr'><strong><em>καταπόσιις</em></strong></span> <span class='ocrx_word' id='word_1_261' title='bbox 953 2534 1013 2597; x_wconf 89' lang='grc'><strong>132,</strong></span> <span class='ocrx_word' id='word_1_262' title='bbox 1024 2535 1050 2586; x_wconf 88' lang='grc'><strong><em>6.</em></strong></span> 
     </span>
     <span class='ocr_line' id='line_1_70' title="bbox 767 2619 1253 2691; baseline 0.01 -20"><span class='ocrx_word' id='word_1_263' title='bbox 767 2621 928 2691; x_wconf 83' lang='grc' dir='ltr'><strong><em>κατάρτυσιν</em></strong></span> <span class='ocrx_word' id='word_1_264' title='bbox 946 2619 993 2688; x_wconf 79' lang='grc' dir='ltr'><strong><em>της</em></strong></span> <span class='ocrx_word' id='word_1_265' title='bbox 1011 2623 1132 2682; x_wconf 86' lang='grc' dir='ltr'><strong><em>διανοίας</em></strong></span> <span class='ocrx_word' id='word_1_266' title='bbox 1150 2623 1253 2688; x_wconf 89' lang='grc'><strong>292,1.</strong></span> 
     </span>
     <span class='ocr_line' id='line_1_71' title="bbox 767 2706 1200 2776; baseline 0.009 -20"><span class='ocrx_word' id='word_1_267' title='bbox 767 2706 904 2776; x_wconf 74' lang='grc' dir='ltr'><strong><em>καταρχὰς</em></strong></span> <span class='ocrx_word' id='word_1_268' title='bbox 923 2706 982 2771; x_wconf 91' lang='grc'><strong>119,</strong></span> <span class='ocrx_word' id='word_1_269' title='bbox 996 2706 1043 2771; x_wconf 84' lang='grc'><strong><em>12;</em></strong></span> <span class='ocrx_word' id='word_1_270' title='bbox 1069 2708 1126 2771; x_wconf 88' lang='grc'><strong>137,</strong></span> <span class='ocrx_word' id='word_1_271' title='bbox 1139 2710 1164 2760; x_wconf 92' lang='grc'><strong><em>4.</em></strong></span> <span class='ocrx_word' id='word_1_272' title='bbox 1174 2709 1200 2761; x_wconf 88' lang='grc'><strong><em>6.</em></strong></span> 
     </span>
     <span class='ocr_line' id='line_1_72' title="bbox 767 2789 1170 2855; baseline 0.002 -11"><span class='ocrx_word' id='word_1_273' title='bbox 767 2796 932 2845; x_wconf 76' lang='grc' dir='ltr'><strong><em>κατασκευαί</em></strong></span> <span class='ocrx_word' id='word_1_274' title='bbox 949 2789 1048 2854; x_wconf 85' lang='grc' dir='ltr'><strong><em>ἀτελεῖς</em></strong></span> <span class='ocrx_word' id='word_1_275' title='bbox 1073 2793 1132 2855; x_wconf 90' lang='grc'><strong>166,</strong></span> <span class='ocrx_word' id='word_1_276' title='bbox 1143 2795 1170 2845; x_wconf 88' lang='grc'><strong><em>2.</em></strong></span> 
     </span>
     <span class='ocr_line' id='line_1_73' title="bbox 766 2881 1270 2950; baseline 0.008 -21"><span class='ocrx_word' id='word_1_277' title='bbox 766 2881 933 2947; x_wconf 75' lang='grc' dir='ltr'><strong><em>κατασκευὴν</em></strong></span> <span class='ocrx_word' id='word_1_278' title='bbox 948 2882 1076 2950; x_wconf 73' lang='grc' dir='ltr'><strong><em>μαντικὴν</em></strong></span> <span class='ocrx_word' id='word_1_279' title='bbox 1097 2881 1270 2946; x_wconf 81' lang='grc'><strong>166,11.12;</strong></span> 
     </span>
     <span class='ocr_line' id='line_1_74' title="bbox 803 2968 1086 3035; baseline 0.011 -20"><span class='ocrx_word' id='word_1_280' title='bbox 803 2999 834 3008; x_wconf 90' lang='grc'><strong>-</strong></span> <span class='ocrx_word' id='word_1_281' title='bbox 853 2970 973 3035; x_wconf 76' lang='grc' dir='ltr'><strong><em>τεχνικὴν</em></strong></span> <span class='ocrx_word' id='word_1_282' title='bbox 991 2968 1051 3027; x_wconf 87' lang='grc'><strong>246,</strong></span> <span class='ocrx_word' id='word_1_283' title='bbox 1061 2968 1086 3018; x_wconf 85' lang='grc'><strong><em>6.</em></strong></span> 
     </span>
     <span class='ocr_line' id='line_1_75' title="bbox 766 3049 1271 3123; baseline 0.008 -20"><span class='ocrx_word' id='word_1_284' title='bbox 766 3053 945 3112; x_wconf 82' lang='grc' dir='ltr'><strong><em>καταστάσεις</em></strong></span> <span class='ocrx_word' id='word_1_285' title='bbox 963 3049 1128 3123; x_wconf 76' lang='grc' dir='ltr'><strong><em>ἀμφιβόλους</em></strong></span> <span class='ocrx_word' id='word_1_286' title='bbox 1153 3055 1271 3119; x_wconf 90' lang='grc'><strong>160,12.</strong></span> 
     </span>
     <span class='ocr_line' id='line_1_76' title="bbox 766 3138 1221 3210; baseline 0.015 -22"><span class='ocrx_word' id='word_1_287' title='bbox 766 3138 949 3194; x_wconf 84' lang='grc' dir='ltr'><strong><em>καταστάσεσι</em></strong></span> <span class='ocrx_word' id='word_1_288' title='bbox 964 3140 1079 3210; x_wconf 80' lang='grc' dir='ltr'><strong><em>χρῶνται</em></strong></span> <span class='ocrx_word' id='word_1_289' title='bbox 1104 3140 1221 3206; x_wconf 87' lang='grc'><strong>133,16.</strong></span> 
     </span>
     <span class='ocr_line' id='line_1_77' title="bbox 766 3225 1189 3297; baseline 0.009 -21"><span class='ocrx_word' id='word_1_290' title='bbox 766 3225 955 3286; x_wconf 86' lang='grc' dir='ltr'><strong><em>καταστάσεως</em></strong></span> <span class='ocrx_word' id='word_1_291' title='bbox 973 3226 1069 3297; x_wconf 78' lang='grc' dir='ltr'><strong><em>οεμνης</em></strong></span> <span class='ocrx_word' id='word_1_292' title='bbox 1088 3227 1130 3290; x_wconf 90' lang='grc'><strong><em>66,</em></strong></span> <span class='ocrx_word' id='word_1_293' title='bbox 1145 3227 1189 3280; x_wconf 91' lang='grc'><strong><em>13.</em></strong></span> 
     </span>
     <span class='ocr_line' id='line_1_78' title="bbox 766 3309 1269 3386; baseline 0.01 -24"><span class='ocrx_word' id='word_1_294' title='bbox 766 3309 931 3365; x_wconf 86' lang='grc' dir='ltr'><strong><em>κατάστασιν</em></strong></span> <span class='ocrx_word' id='word_1_295' title='bbox 944 3311 1048 3382; x_wconf 80' lang='grc' dir='ltr'><strong><em>άπλῆνΙ</em></strong></span> <span class='ocrx_word' id='word_1_296' title='bbox 1057 3314 1111 3377; x_wconf 86' lang='grc' dir='ltr'><strong>Ι,4;</strong></span> <span class='ocrx_word' id='word_1_297' title='bbox 1123 3344 1153 3354; x_wconf 88' lang='grc'><strong>-</strong></span> <span class='ocrx_word' id='word_1_298' title='bbox 1166 3311 1269 3386; x_wconf 85' lang='grc' dir='ltr'><strong><em>άχραν-</em></strong></span> 
     </span>
     <span class='ocr_line' id='line_1_79' title="bbox 800 3399 1233 3468; baseline 0.007 -18"><span class='ocrx_word' id='word_1_299' title='bbox 800 3418 847 3451; x_wconf 90' lang='grc' dir='ltr'><strong><em>τον</em></strong></span> <span class='ocrx_word' id='word_1_300' title='bbox 865 3399 953 3461; x_wconf 86' lang='grc'><strong>88,1;</strong></span> <span class='ocrx_word' id='word_1_301' title='bbox 971 3428 1006 3437; x_wconf 96' lang='grc'><strong>-</strong></span> <span class='ocrx_word' id='word_1_302' title='bbox 1025 3403 1115 3468; x_wconf 73' lang='grc' dir='ltr'><strong><em>διπλῆν</em></strong></span> <span class='ocrx_word' id='word_1_303' title='bbox 1133 3401 1197 3464; x_wconf 88' lang='grc'><strong>219,</strong></span> <span class='ocrx_word' id='word_1_304' title='bbox 1209 3402 1233 3453; x_wconf 89' lang='grc'><strong><em>2.</em></strong></span> 
     </span>
     <span class='ocr_line' id='line_1_80' title="bbox 765 3484 1032 3551; baseline 0.007 -16"><span class='ocrx_word' id='word_1_305' title='bbox 765 3484 932 3545; x_wconf 88' lang='grc' dir='ltr'><strong><em>κατάστασις</em></strong></span> <span class='ocrx_word' id='word_1_306' title='bbox 950 3486 994 3551; x_wconf 89' lang='grc'><strong><em>34,</em></strong></span> <span class='ocrx_word' id='word_1_307' title='bbox 1006 3489 1032 3539; x_wconf 87' lang='grc'><strong><em>2.</em></strong></span> 
     </span>
     <span class='ocr_line' id='line_1_81' title="bbox 766 3571 1267 3645; baseline 0.008 -23"><span class='ocrx_word' id='word_1_308' title='bbox 766 3571 911 3632; x_wconf 79' lang='grc' dir='ltr'><strong><em>κατάταξιν</em></strong></span> <span class='ocrx_word' id='word_1_309' title='bbox 942 3573 1009 3644; x_wconf 82' lang='grc' dir='ltr'><strong><em>πρὸς</em></strong></span> <span class='ocrx_word' id='word_1_310' title='bbox 1038 3575 1075 3626; x_wconf 89' lang='grc' dir='ltr'><strong><em>τά</em></strong></span> <span class='ocrx_word' id='word_1_311' title='bbox 1104 3575 1267 3645; x_wconf 82' lang='grc' dir='ltr'><strong><em>διαφέροντα</em></strong></span> 
     </span>
     <span class='ocr_line' id='line_1_82' title="bbox 799 3655 1027 3727; baseline 0 -16"><span class='ocrx_word' id='word_1_312' title='bbox 799 3655 912 3727; x_wconf 79' lang='grc' dir='ltr'><strong><em>σώματα</em></strong></span> <span class='ocrx_word' id='word_1_313' title='bbox 946 3659 990 3723; x_wconf 85' lang='grc'><strong><em>23,</em></strong></span> <span class='ocrx_word' id='word_1_314' title='bbox 1002 3659 1027 3712; x_wconf 87' lang='grc'><strong><em>8.</em></strong></span> 
     </span>
     <span class='ocr_line' id='line_1_83' title="bbox 765 3745 1267 3818; baseline 0.01 -23"><span class='ocrx_word' id='word_1_315' title='bbox 765 3745 984 3815; x_wconf 83' lang='grc' dir='ltr'><strong><em>κατατεινάμενοι</em></strong></span> <span class='ocrx_word' id='word_1_316' title='bbox 994 3750 1093 3818; x_wconf 90' lang='grc' dir='ltr'><strong><em>μοίρας</em></strong></span> <span class='ocrx_word' id='word_1_317' title='bbox 1103 3745 1154 3800; x_wconf 76' lang='grc' dir='ltr'><strong><em>τοῦ</em></strong></span> <span class='ocrx_word' id='word_1_318' title='bbox 1164 3745 1267 3817; x_wconf 89' lang='grc' dir='ltr'><strong><em>κόσμου</em></strong></span> 
     </span>
     <span class='ocr_line' id='line_1_84' title="bbox 800 3829 881 3894; baseline 0.012 -14"><span class='ocrx_word' id='word_1_319' title='bbox 800 3829 844 3894; x_wconf 92' lang='grc'><strong><em>63,</em></strong></span> <span class='ocrx_word' id='word_1_320' title='bbox 857 3830 881 3883; x_wconf 92' lang='grc'><strong><em>9.</em></strong></span> 
     </span>
     <span class='ocr_line' id='line_1_85' title="bbox 764 3918 1267 3987; baseline 0.008 -21"><span class='ocrx_word' id='word_1_321' title='bbox 764 3922 953 3971; x_wconf 88' lang='grc' dir='ltr'><strong><em>κατατείνουσι</em></strong></span> <span class='ocrx_word' id='word_1_322' title='bbox 961 3920 1057 3987; x_wconf 75' lang='grc' dir='ltr'><strong><em>ὲπλτην</em></strong></span> <span class='ocrx_word' id='word_1_323' title='bbox 1065 3922 1165 3986; x_wconf 80' lang='grc' dir='ltr'><strong><em>γένεσιν</em></strong></span> <span class='ocrx_word' id='word_1_324' title='bbox 1176 3918 1218 3984; x_wconf 88' lang='grc'><strong><em>79,</em></strong></span> <span class='ocrx_word' id='word_1_325' title='bbox 1228 3921 1267 3971; x_wconf 88' lang='grc'><strong><em>12.</em></strong></span> 
     </span>
     <span class='ocr_line' id='line_1_86' title="bbox 764 4001 1267 4072; baseline 0.008 -19"><span class='ocrx_word' id='word_1_326' title='bbox 764 4003 961 4070; x_wconf 85' lang='grc' dir='ltr'><strong><em>καταυγάζεται</em></strong></span> <span class='ocrx_word' id='word_1_327' title='bbox 968 4001 1025 4059; x_wconf 75' lang='grc' dir='ltr'><strong><em>ἀπὸ</em></strong></span> <span class='ocrx_word' id='word_1_328' title='bbox 1032 4007 1081 4072; x_wconf 72' lang='grc' dir='ltr'><strong><em>τῆς</em></strong></span> <span class='ocrx_word' id='word_1_329' title='bbox 1090 4002 1198 4066; x_wconf 78' lang='grc' dir='ltr'><strong><em>ἀκτῖνος</em></strong></span> <span class='ocrx_word' id='word_1_330' title='bbox 1208 4006 1267 4066; x_wconf 88' lang='grc'><strong>126,</strong></span> 
     </span>
    </p>
   </div>
   <div class='ocr_carea' id='block_1_9' title="bbox 764 4089 1048 4247">
    <p class='ocr_par' dir='ltr' id='par_1_42' title="bbox 764 4089 1048 4247">
     <span class='ocr_line' id='line_1_87' title="bbox 802 4089 842 4141; baseline 0.075 -3"><span class='ocrx_word' id='word_1_331' title='bbox 802 4089 814 4138; x_wconf 98' lang='grc'><strong>1</strong></span> <span class='ocrx_word' id='word_1_332' title='bbox 837 4130 842 4141; x_wconf 95' lang='grc'><strong><em>.</em></strong></span> 
     </span>
     <span class='ocr_line' id='line_1_88' title="bbox 764 4089 1048 4247; baseline 0.007 -20"><span class='ocrx_word' id='word_1_333' title='bbox 764 4089 914 4247; x_wconf 75' lang='grc' dir='ltr'><strong><em>κατ8φαν1ς</em></strong></span> <span class='ocrx_word' id='word_1_334' title='bbox 931 4174 1048 4238; x_wconf 86' lang='grc'><strong>239,17.</strong></span> 
     </span>
    </p>
   </div>
   <div class='ocr_carea' id='block_1_10' title="bbox 0 0 1392 4876">
    <p class='ocr_par' dir='ltr' id='par_1_43' title="bbox 0 0 1392 4876">
     <span class='ocr_line' id='line_1_89' title="bbox 0 0 1392 4876; baseline 0 3"><span class='ocrx_word' id='word_1_335' title='bbox 0 0 1392 4876; x_wconf 95' lang='lat' dir='ltr'><strong><em> </em></strong></span> 
     </span>
    </p>
   </div>
  </div>
 </body>
</html>
