2776 4876
198 363 254 420 276
1204 357 1258 422 9‚3

200 519 220 588 δ
242 521 303 601 τῆς
325 520 385 585 τοῦ
399 519 630 605 γενεσιονργοῶ
644 516 805 600 δαίμονος
819 508 1172 599 εὐταχήσοιςηνώσεως.
1210 516 1262 590 τίς

201 630 232 698 δ’
248 626 291 695 ἀν
312 631 369 695 καλ
393 621 518 714 ὁδηγὸν
540 621 645 694 αὐτόν
667 621 766 710 λάβοι
788 621 872 711 πρὸς
894 620 956 706 τὴν
973 628 1038 691 τῶν
1054 628 1262 708 εὶμαρμένων

200 744 347 820 ἔκδυσιν,
370 745 398 806 ελ
420 742 473 806 ἐπὶ
495 735 601 823 τούτῳ
616 738 756 817 δέδοται,
778 734 860 804 ὥστε
875 735 1119 821 ἀποπληρῶσαι
1132 729 1175 800 τά
1191 729 1261 800 ἀπό
1280 751 1295 802 ³

201 855 261 935 τῆς
283 854 481 938 εἱμαρμένης
502 846 750 934 ἀπονεμόμενα;

285 958 357 1028 Ἔτι
379 960 409 1029 δ’
428 964 537 1046 ἔμοιγε
560 962 648 1027 δοκεῖ
670 965 770 1046 μέρος
791 984 824 1025 τι
844 961 904 1039 τῆς
918 957 979 1024 τοῦ
994 958 1155 1042 δαίμονος
1169 959 1261 1022 θεω-

201 1079 277 1164 ρίας
302 1076 359 1140 καὶ
387 1073 486 1138 τοῦτο
515 1074 655 1156 ἔσχατον
684 1069 770 1138 εἶναι
797 1065 836 1137 τό
855 1061 1034 1152 Ιτοιοῦτον,
1062 1064 1101 1134 τό
1129 1065 1160 1134 δ
1179 1066 1297 1140 όλονο

201 1185 305 1254 αὐτοῦ
326 1187 386 1265 τῆς
408 1180 524 1260 οάσλας
538 1183 808 1269 παραλείπεσθαι
822 1177 908 1247 κατά
923 1178 985 1260 τὴν
1001 1176 1157 1260 τοιαύτην
1170 1181 1261 1263 μέδ-

202 1299 292 1365 οδον.
330 1290 419 1362 ἀλλά
440 1296 547 1360 ταῦτα
568 1298 636 1378 μέν,
659 1301 687 1360 ελ
708 1296 765 1360 καὶ
787 1293 916 1382 ψευδῶς
939 1289 1073 1378 εἴρηται,
1096 1286 1185 1375 ὅμως
1200 1288 1262 1356 οὐκ

203 1411 267 1495 ἔχει
290 1412 326 1492 yt
348 1429 424 1473 τινα
453 1402 708 1495 ἀλλοτριότητα,
736 1400 779 1471 τά
802 1402 832 1471 δ’
856 1401 975 1493 ἐφεξῆς
1002 1405 1078 1490 περὶ
1106 1403 1166 1482 τῆς
1193 1402 1299 1469 τῶνε

201 1516 352 1586 κανόνων
374 1513 622 1604 διαριθμήσεως
650 1519 803 1605 καὶπερὶ
832 1517 892 1596 τῆς
918 1509 1098 1598 ἐπιστήμης
1125 1515 1185 1593 τῆς
1207 1535 1263 1595 γε·

202 1631 458 1713 νεδλιαλογικῆς
480 1625 708 1716 ἀπορηθέντα,
734 1623 778 1704 ῶς
801 1631 881 1693 εἰσιν
903 1619 1137 1705 ἀκατάληπτα,
1166 1621 1263 1690 οὐδε-

202 1742 284 1825 μίαν
306 1742 415 1825 ἔχουσι
435 1733 520 1824 πρὸς
541 1734 580 1804 τὸ
595 1741 810 1823 προκείμενον
826 1731 1094 1825 ἀμφισβήτησιν·
1118 1734 1179 1800 εἴτε
1195 1728 1262 1821 γάρ
1283 1749 1316 1800 12

203 1845 362 1937 γνώριμοι
384 1847 445 1914 εἴτε
468 1845 698 1929 ἀκατάληπτολ
720 1853 801 1914 ελσιν
823 1848 897 1912 αἵδε
920 1851 955 1912 αλ
977 1850 1097 1933 τέχναι,
1127 1842 1218 1931 ὅμως
1238 1844 1262 1927 ἡ

202 1956 271 2027 ἀπό
293 1960 360 2025 τῶν
382 1953 516 2049 ἀστρων
537 1954 704 2047 ἀπόρροια
727 1957 885 2043 ἀπονέμει
905 1952 967 2024 τόν
987 1959 1144 2044 δαίμονα,
1166 1952 1211 2024 ἀν
1225 1980 1262 2022 τε

202 2071 297 2158 ἡμεῖς
318 2065 546 2156 γιγνώσκωμεν
569 2065 612 2134 ἀν
634 2093 669 2136 τε
690 2067 753 2155 μή·
780 2067 921 2136 δύναται
934 2071 968 2136 δὲ
984 2068 1005 2151 ἡ
1021 2072 1103 2136 θεία
1118 2061 1263 2154 μαντικὴ
1282 2091 1314 2140 15

203 2179 369 2251 διδάσκειν
392 2180 480 2265 ἡμᾶς
501 2182 576 2267 περὶ
598 2182 664 2247 τῶν
678 2177 810 2270 ἄστρων
824 2178 897 2246 κατ’
914 2176 997 2248 αὐτὸ
1011 2175 1052 2271 τό
1066 2178 1263 2261 ἀληθέστα-

202 2318 271 2372 τον,
298 2295 355 2360 καὶ
377 2290 418 2359 οὐ
438 2288 571 2369 πάντως
592 2288 744 2377 δεόμεθα
772 2294 832 2372 τῆς
852 2293 919 2357 τῶν
945 2288 1095 2360 κανόνων
1123 2293 1262 2379 διαριθ-

202 2402 332 2491 aaran
353 2397 375 2485 ἢ
397 2407 456 2486 τῆς
477 2403 637 2489 μαντικῆς
660 2407 782 2489 τέκνω
1279 2419 1312 2471 18

274 2675 299 2727 3.
325 2675 425 2727 isim
444 2673 476 2726 0.
584 2674 609 2726 6.
637 2669 703 2726 ὅλων
725 2673 759 2725 D.
869 2674 910 2726 ii.
938 2668 1126 2741 ἀκατάληπτον
1152 2671 1259 2724 ABCD.

274 2758 370 2810 11.12.
397 2753 459 2811 citt
475 2761 541 2828 μίαν
560 2762 592 2812 Α.
735 2760 777 2812 13.
804 2756 912 2826 τέχναι]
931 2757 1010 2825 τόχαι
1029 2761 1060 2810 Δ.
1086 2752 1099 2826 ΙΙ
1123 2755 1157 2826 ἦ]
1183 2762 1210 2811 οἱ
1227 2760 1259 2809 Α.

274 2844 317 2895 15.
344 2841 537 2912 γιγνώσκωμεν]
547 2843 582 2895 sie
594 2846 623 2903 A,
641 2840 804 2914 ηινάσκωμεν
813 2845 849 2909 D,
867 2843 1024 2916 γινόσνομεν
1034 2844 1068 2897 0.
1141 2845 1185 2896 18.
1213 2842 1261 2912 τῆς

272 2946 324 2979 orn.
343 2925 373 2979 C.

202 3190 300 3268 quitur.
349 3190 441 3266 eequis
460 3190 531 3246 enim
549 3189 601 3246 sibi
613 3189 708 3246 ducem
720 3189 753 3246 ad
765 3188 853 3247 irtrlia
866 3189 997 3268 placanda
1010 3201 1124 3270 optaret,
1142 3193 1170 3248 si
1179 3192 1259 3248 datus

203 3277 240 3331 sit
257 3277 286 3330 iu
302 3272 374 3331 lr'une
392 3277 480 3353 ipsum
498 3276 587 3344 linem,
605 3286 636 3332 nt
654 3275 743 3333 fatalia
760 3277 887 3354 impleat?

272 3357 415 3418 Praeterea
435 3361 545 3419 'ridetur
565 3361 631 3419 milri
655 3362 763 3440 quidem
784 3361 851 3420 haec
874 3371 977 3419 tanturn
999 3378 1063 3441 pars
1087 3377 1146 3420 esse
1171 3380 1258 3440 eaque

201 3443 294 3504 ultima
312 3448 390 3503 istius
409 3444 614 3525 speculationis,
639 3467 707 3525 qnae
724 3446 795 3505 solet
817 3469 878 3505 esse
896 3448 931 3505 de
953 3447 1101 3518 daemone,
1116 3457 1258 3526 totumque

202 3532 268 3590 adeo
286 3532 360 3611 qued
378 3532 412 3591 εδ
424 3535 638 3590 einsesrentiam
657 3543 769 3612 spectat,
787 3536 964 3614 praetermitti
983 3533 1162 3592 lucratione.
1206 3535 1257 3591 sed

200 3615 267 3674 haee
284 3630 339 3674 nou
356 3624 469 3696 prorsus
487 3616 631 3677 abhorrent
656 3620 689 3676 ab
708 3623 846 3691 instituto,
870 3636 1020 3699 quanquam
1037 3620 1105 3678 falso
1123 3621 1255 3688 dieantur,

199 3701 248 3759 ilia
264 3713 330 3759 vero
349 3721 416 3781 quae
433 3704 561 3784 ‹leinoeps
578 3706 614 3764 (ie
630 3718 763 3764 sanonum
781 3707 1003 3784 astrologicam
1014 3724 1125 3764 numera
1137 3709 1258 3764 innume·
1308 3763 1310 3766 ,

201 3786 289 3856 rabili,
305 3789 393 3867 deque
411 3791 576 3868 genethliaca
595 3795 707 3851 seientia
719 3792 865 3849 dubitando
877 3792 975 3862 adiere,
992 3793 1027 3850 ad
1039 3795 1192 3850 institutum
1203 3791 1256 3849 hoe

200 3872 268 3931 nihil
285 3873 385 3931 habeut
402 3876 581 3946 difficultis„
599 3881 657 3935 sive
676 3881 747 3935 enirn
763 3881 832 3936 istae
850 3889 921 3937 artes
939 3901 954 3936 a
972 3880 1051 3936 nobis
1065 3879 1181 3957 intelligi
1193 3900 1257 3958 pos-

199 3970 263 4018 sunt
280 3960 339 4016 sive
355 3978 467 4038 prorsus
485 3964 730 4045 impersemtrbiles
743 3975 813 4035 sunt,
832 3984 897 4023 saue
909 3966 1026 4023 influxus
1043 3964 1185 4022 stellarum
1195 3965 1256 4022 iae

198 4060 305 4104 munem
322 4045 400 4103 nubit
417 4048 525 4118 tribuet,
549 4070 600 4107 nos
618 4051 797 4130 intelligamus
814 4052 843 4109 id
861 4069 953 4110 necne.
997 4061 1090 4131 potest
1107 4062 1198 4110 autern
1214 4051 1256 4108 di-

198 4135 289 4190 vinum
310 4134 467 4191 vaticinium
489 4134 523 4190 de
545 4134 632 4192 stellis
654 4137 685 4193 id
705 4137 779 4215 qnod
804 4141 982 4196 certissimum
1005 4139 1118 4206 docere,
1146 4129 1254 4195 utnon

199 4234 266 4295 opus
284 4217 429 4280 internus
446 4221 498 4277 ista
515 4232 648 4279 uenenum
664 4221 876 4283 dinumeratione
893 4236 939 4283 aut
956 4235 1013 4282 arte
1031 4227 1225 4285 vaticinatriee.
