2776 4876
213 343 268 396 Μ
1217 333 1273 398 δ,2

216 499 308 579 ζωῆς.
355 496 424 561 ἐστι
446 497 559 560 τοίνυν
580 490 664 579 πρὸς
685 487 805 571 ἀλλους
830 495 890 576 μὲν
918 487 957 556 τὸ
986 489 1114 580 ἀναφὲς
1142 494 1274 567 οίκεῖον,

216 606 289 676 οίον
310 601 387 683 τοὺς
407 602 488 685 ὕλης
502 600 677 691 καθαροάς
693 599 803 681 θεούς,
826 597 910 688 πρὸς
932 597 1053 677 ἀλλοις
1075 602 1110 666 δέ
1132 595 1172 666 τό
1195 603 1276 681 κλη-

215 715 307 786 τικόν
330 712 385 784 διά
408 720 474 782 τῶν
496 713 586 796 ζώων
608 714 809 783 ἀποδέδοται
837 708 914 790 τοὺς
941 708 1181 799 ἐπιβεβηκότας
1207 715 1311 778 τῶνε

217 826 309 911 ζόαν
339 831 396 894 καὶ
429 831 597 915 προσεχῶς
625 824 739 902 αιίτοῖς
773 828 1051 910 σννηρτημένοιις’
1084 822 1161 891 οὐδὲ
1188 823 1304 890 κατὰ,

216 941 316 1007 τοῦτο
340 931 401 1005 οὖν
424 941 599 1024 συμβαίνει
620 961 669 1014 τις
691 939 888 1013 ἐναντίωσις.

180 1048 200 1107 2
308 1051 378 1115 Καὶ
400 1045 507 1126 ἀλλοις
529 1047 559 1114 δ’
578 1043 622 1113 ἀν
643 1072 692 1125 τις
717 1049 817 1114 τοῦτο
847 1042 1045 1114 διαλύσειεν·
1079 1042 1312 1133 ἀνθρώποιςο

216 1165 277 1247 μὲν
302 1155 367 1247 μάρ
396 1167 432 1226 ἐν
458 1157 519 1252 ὕλη
547 1163 775 1245 κατεχομένοις
803 1153 846 1223 τά
875 1163 1074 1244 ἐστιρημένα
1102 1159 1162 1239 τῆς
1190 1157 1278 1236 ζωῆς

217 1270 357 1359 στόματα
380 1277 473 1360 φέρει
493 1267 568 1336 τινά
591 1271 724 1350 κηλῖδα·
754 1267 839 1335 διότι
867 1272 913 1353 τῷ
935 1270 1030 1348 ζῶντι
1059 1264 1097 1334 τό
1127 1262 1174 1353 μὴ
1200 1269 1278 1348 ζοῑν,

218 1379 326 1470 ὥσπερ
349 1385 396 1466 τῷ
417 1383 563 1465 καθαρῷ
585 1375 624 1446 τό
645 1375 796 1467 ῥυπαρὸν
817 1382 873 1445 καί
895 1383 942 1463 τῷ
963 1385 999 1446 ἐν
1021 1379 1083 1460 tto
1096 1375 1135 1446 τό
1151 1385 1187 1444 ἐν
1202 1389 1314 1444 στι-ο

220 1492 322 1584 ρήσει,
344 1490 516 1579 μολνσμόν
539 1515 613 1558 τινα
635 1494 817 1571 ἐντίθησιν,
840 1493 896 1556 καὶ
918 1486 1003 1557 διότι
1024 1494 1070 1573 τῷ
1091 1493 1152 1574 μέν
1173 1486 1277 1556 δόνα-

217 1631 274 1692 μιν
296 1610 404 1692 ἐχοντι
424 1606 484 1671 τοῦ
506 1599 737 1683 ἀποθνήσκειν
765 1608 893 1685 ἐμποιεῖ
915 1595 990 1667 τινά
1017 1596 1190 1688 μολνσμόν
1220 1596 1277 1666 διά

217 1709 280 1794 τὴν
304 1709 447 1805 φυσικὴν
462 1707 502 1779 τό
515 1723 626 1801 χεῖρον
640 1708 723 1798 πρὸς
736 1709 819 1780 αὐτὸ
834 1709 1091 1792 ἐπιτηδειότητα
1137 1713 1278 1799 δαίμονι
1297 1717 1330 1774 12

218 1828 253 1893 δέ
275 1821 314 1892 τό
337 1829 433 1908 σῶμα
455 1822 621 1908 ἀσωμάτῳ
644 1820 715 1890 όντι
743 1825 911 1900 παντελῶς
938 1826 995 1888 καὶ
1016 1819 1063 1907 μὴ
1092 1825 1278 1912 παραδεχο-

218 1960 305 2020 μενῳ
320 1930 462 2025 φθοράν
477 1931 686 2019 μηδαμόθεν,
709 1932 828 2002 οὐδένα
843 1941 970 2019 ἐμποιεῖ
983 1931 1165 2021 μολοσμόν.
1197 1932 1273 2004 ἀλλ’

217 2047 384 2133 ὑπερέχειν
413 2043 541 2130 ἀνάγκη
563 2048 624 2112 τοῦ
646 2048 898 2136 διιφθαρμίνου
919 2042 1072 2130 σώματος
1093 2049 1150 2112 καὶ
1175 2047 1279 2130 μηδε-
1297 2058 1330 2108 15

217 2162 300 2242 μίαν
321 2156 379 2223 ἀπ’
399 2155 503 2223 αὐτοῦ
530 2159 785 2245 παραδίχεσθαί
812 2179 888 2222 τινα
916 2162 962 2234 είς
988 2151 1107 2224 ἐαυτδν
1135 2159 1281 2247 φθορᾶς

219 2272 374 2360 ἔμφασιν.

289 2496 312 2547 l.
342 2491 411 2559 lora]
431 2496 469 2544 lus
489 2495 519 2544 A.
619 2495 644 2545 5.
671 2484 810 2546 τοῦτόὗν
829 2495 858 2544 Α.
954 2493 979 2544 8.
1007 2487 1076 2545 διότι
1093 2492 1130 2558 τῷ
1148 2488 1228 2554 ζῶντι
1245 2489 1279 2541 τὸ

287 2580 324 2651 μὴ
348 2577 411 2645 ζῶν]
435 2579 470 2630 sic
491 2578 573 2657 ml?
602 2577 670 2632 διότι
692 2579 729 2644 τῷ
752 2579 790 2648 μὴ
811 2579 888 2642 (siam
910 2576 976 2642 ζῶον
996 2579 1065 2644 ch,
1092 2576 1163 2631 διότι
1185 2576 1218 2629 τό
1242 2575 1279 2645 μὴ

288 2665 353 2729 ζῶον
370 2666 446 2728 ζῶντι
464 2665 497 2717 0.
576 2665 617 2716 10.
644 2665 774 2736 μολισμόν
792 2666 825 2717 D.
851 2659 863 2732 ΙΙ
883 2661 946 2734 μὲν]
964 2662 999 2715 sie
1019 2667 1050 2725 Λ,
1076 2661 1115 2733 μὴ
1134 2663 1171 2716 0.

219 2901 261 2957 dit
278 2909 305 2956 ct
323 2897 403 2954 illud:
428 2902 452 2956 is
471 2899 560 2956 cultus
578 2901 715 2960 nonnullis
734 2902 787 2960 diis
806 2913 848 2958 cst
864 2904 977 2958 maxime
994 2899 1226 2968 accommodatus,
1244 2920 1279 2956 nc

219 2985 286 3063 quid
303 2986 438 3040 morticini
456 2995 604 3062 tangamus,
621 2990 656 3044 iis
675 2987 780 3046 scilicet
798 2991 844 3064 qui
862 2988 895 3044 ab
914 2991 987 3044 omni
1004 2990 1113 3044 matcria
1129 2989 1192 3065 puri
1205 2997 1278 3055 sunt,

217 3071 279 3128 aliis
298 3072 407 3128 intcrim
425 3074 472 3148 qui
490 3072 648 3130 animalibus
666 3075 822 3151 praesident
840 3075 914 3131 etad
926 3076 1279 3152 caproximcapproprian·

218 3169 270 3227 tur,
296 3179 329 3214 cx
347 3156 406 3232 lege
424 3178 562 3214 sacrorum
580 3162 715 3216 invocatio
732 3181 782 3238 por
801 3160 923 3216 animalia
942 3163 1073 3218 sancitur:
1097 3180 1179 3236 quare
1202 3157 1278 3216 nulla

217 3243 263 3301 hic
281 3247 413 3321 contingit
431 3248 612 3323 repugnantia.

181 3326 201 3385 2
289 3328 345 3386 sed
363 3340 390 3386 ct
408 3330 460 3386 alio
477 3331 560 3388 modo
577 3335 667 3411 possit
685 3334 745 3409 quis
763 3331 816 3388 lroc
834 3331 949 3390 solvere.
999 3351 1113 3410 corpora
1130 3333 1187 3388 vita
1201 3352 1279 3388 cassa

215 3419 401 3475 contaminant
417 3418 539 3474 homines
557 3420 586 3474 in
604 3421 714 3474 materia
732 3418 871 3487 detentos,
896 3421 1021 3496 quoniam
1043 3439 1099 3476 non
1120 3418 1217 3475 riscus
1239 3420 1280 3472 vi·

216 3507 292 3560 venti
308 3502 439 3560 maculam
457 3504 588 3580 quandam
605 3506 696 3571 inurit7
715 3505 938 3581 quemadmodum
955 3524 1024 3584 puro
1042 3508 1175 3583 impurum
1193 3513 1221 3560 at
1232 3501 1280 3560 hu·

217 3588 287 3644 bitui
305 3592 362 3646 eius
380 3591 497 3667 privatio
516 3599 608 3657 nocct3
628 3599 656 3647 ct
673 3593 798 3666 quoniam
816 3591 960 3667 quodiam
977 3602 1112 3649 mortuum
1130 3600 1186 3659 cst,
1209 3588 1281 3646 illud

219 3675 297 3748 quasi
314 3675 400 3731 inficit
417 3696 467 3752 per
485 3675 630 3732 naturalem
648 3695 680 3731 eo
699 3675 872 3744 tendentium,
896 3677 969 3754 quod
987 3677 1068 3735 habet
1091 3677 1227 3734 moriendi
1250 3679 1280 3732 in

219 3777 250 3814 τε
266 3769 435 3835 potestatam.
480 3771 508 3816 at
525 3781 590 3818 vcro
603 3761 727 3818 daenmm
739 3763 899 3840 incorporeo
911 3783 1031 3840 prorsus,
1049 3783 1157 3820 omnem
1169 3762 1281 3823 aliunde

218 3846 418 3920 corruptionem
435 3850 573 3925 respuenti
591 3847 705 3904 cadaver
722 3847 791 3904 nihil
802 3847 920 3905 maculae
931 3859 1023 3927 potcst
1034 3851 1199 3927 imprimere,
1209 3870 1282 3905 nam

217 3927 298 4005 longo
315 3939 437 4005 superat,
461 3951 572 3990 necesse
590 3943 646 4002 cst,
671 3933 786 3992 cadaver
803 3934 990 4012 corruptibilc3
1013 3934 1168 4012 nullamque
1192 3936 1226 3992 ab
1246 3954 1281 3992 aa

217 4024 309 4092 potest
326 4015 388 4072 vitii
404 4012 512 4073 haurire
529 4022 719 4096 suspicionem.
