2776 4876
203 349 256 402 140
1182 343 1208 410 δ,
1219 347 1253 397 17

200 510 392 592 προηγεῖται
412 503 469 566 καὶ
492 501 606 567 δίδωσι
627 502 686 583 μὲν
709 508 779 577 τοῖς
800 503 989 585 μετέχουσιν
1003 495 1130 577 ἑαυτόν,
1154 494 1255 577 αὐτὸς

201 615 236 678 δὲ
259 607 332 678 οὔτε
354 609 521 690 ἐξίσταται
543 608 604 700 ἀφ’
623 613 743 677 ἑαυτοῦ
765 605 839 676 οὔτε
862 606 1006 676 ἐλάττων
1028 612 1153 692 γίνεται
1176 604 1258 676 οὔθ’

100 782 108 789 .
200 721 351 811 ὑπηρετεῖ
372 731 442 800 τοῖς
463 725 660 808 μετέχουσιν,
682 717 768 788 άλλά
791 718 988 786 τοόναντίον
1009 722 1112 786 πᾶσιν
1132 719 1254 810 δπηρε-
1273 737 1288 788 3

200 835 294 899 τοῦσι
316 837 531 921 προσχρῆται.

288 945 384 1010 Δοκεῖ
406 946 440 1009 δέ
462 966 520 1028 μοι
540 946 597 1009 καὶ
618 938 700 1010 άλλο
724 938 959 1029 διαμαρτάνειν
974 939 994 1022 ἡ
1009 941 1163 1028 παροῦσα
1183 944 1253 1006 επί-

201 1075 333 1131 στασις·
364 1051 407 1131 ὡς
428 1048 493 1140 χάρ
515 1052 564 1118 ἐπ’
584 1050 774 1141 ἀνθρώπων
794 1051 988 1136 όποθεμένη
1010 1054 1076 1118 τῶν
1098 1053 1189 1118 θεῶν
1211 1048 1253 1117 τά
1272 1075 1288 1126 6

200 1167 289 1250 ίρχα,
313 1160 398 1230 οὕτω
421 1165 657 1253 διαμφισβητεῖ
678 1166 754 1249 περὶ
776 1161 885 1229 αὐτῶν
907 1165 975 1241 πῶς
996 1167 1130 1247 γίνεται.
1169 1159 1254 1229 διότι

200 1269 264 1362 χάρ
288 1274 382 1360 ἡμεῖς
403 1272 674 1366 ἐπιστρεφόμενοι
695 1276 751 1340 καὶ
772 1283 843 1351 τοῖς
864 1269 1014 1342 πάθεσιν
1031 1276 1135 1341 ἐνίοτε
1149 1295 1253 1362 προσ·

199 1387 341 1472 κείμενοι
355 1393 424 1463 τοῖς
438 1388 673 1472 διοικουμένοις
687 1382 937 1471 ἐπιμελούμεθα
951 1383 1069 1464 αὐτῶν,
1084 1380 1140 1450 διά
1154 1388 1253 1450 τοῦτο
1272 1403 1288 1454 t

199 1500 305 1573 κακῶς
327 1492 442 1577 ελκάζει
463 1499 519 1564 καὶ
533 1494 594 1577 τὴν
608 1499 674 1562 τῶν
688 1497 780 1562 θεῶν
795 1493 935 1583 δύναμιν
950 1489 1146 1580 ὑπηρετικὴν
1169 1493 1254 1561 εἶναι

198 1613 269 1683 τοῖς
286 1605 345 1672 ὑπ’
364 1605 472 1672 αὐτῶν
493 1609 805 1692 κατευθννομένοις·
829 1605 851 1686 ἡ
874 1604 905 1672 δ’
921 1599 996 1672 οὔτε
1017 1611 1053 1672 ἐν
1068 1607 1107 1697 τῇ
1120 1602 1252 1686 ποιήσει

201 1717 268 1782 τῶν
290 1712 423 1802 κόσμων
446 1713 520 1783 οὔτε
542 1724 577 1784 ἐν
599 1720 639 1808 τῇ
659 1720 803 1804 προνοίᾳ
825 1719 884 1797 τῆς
905 1720 1060 1799 γενέσεως
1074 1711 1147 1782 οὔτε
1162 1723 1198 1783 εν
1213 1718 1254 1807 τῇ
1274 1732 1306 1784 ¹2

198 1829 273 1915 περὶ
296 1824 398 1906 αὐτῆς
426 1832 568 1911 μαντεία
594 1829 795 1894 καθίλκεταί
822 1850 902 1892 ποτε
932 1833 977 1904 είς
999 1822 1041 1892 τά
1066 1829 1253 1912 μετέχοντα,

199 1931 286 2002 άλλά
307 1939 506 2021 μεταδίδωσι
526 1940 586 2022 μὲν
608 1939 691 2004 πᾶσι
712 1939 777 2003 τῶν
800 1935 944 2022 άχαθῶν
966 1940 1021 2004 καὶ
1035 1932 1253 2025 παραπλήσια

199 2043 283 2132 πρός
293 2044 413 2128 ἑαυτὴν
424 2045 467 2115 τά
480 2044 543 2115 ὅλα
554 2045 780 2137 άπερχάζεται,
802 2046 921 2138 ὠφελεῖ
937 2072 972 2114 τε
990 2044 1032 2114 τά
1044 2044 1252 2132 διοικούμενα
1271 2071 1305 2122 15

200 2154 373 2246 ἀφθόνως,
402 2165 491 2245 μένει
513 2163 548 2226 δὲ
571 2158 614 2237 ὡς
634 2154 719 2226 πολι)
740 2161 870 2245 μᾶλλον
891 2158 945 2250 ἐφ’
966 2161 1085 2241 ἑαυτῆς
1106 2155 1253 2242 τοσοάτιρ
1337 2197 1343 2207 ‚

198 2270 328 2355 μᾶλλον
356 2274 415 2350 τῆς
442 2273 564 2347 οίκείας
591 2269 793 2351 τελειότητος
822 2265 1041 2357 πεπλήρωται.
1087 2272 1142 2335 καὶ
1169 2267 1252 2349 αὕτη

199 2382 259 2464 μὲν
281 2378 320 2445 οὐ
342 2383 467 2464 χίνεται
489 2382 554 2447 τῶν
575 2375 785 2466 μετεχόντων,
813 2375 856 2445 τά
885 2382 919 2446 δὲ
947 2376 1249 2466 μεταλαμβάνοντα
1270 2399 1305 2450 18

199 2487 268 2556 ίδια
289 2493 406 2572 ἑαυτῆς
434 2487 652 2579 ἀπεργάζεται
679 2496 735 2556 καὶ
764 2487 857 2571 σώζει
877 2493 938 2575 μὲν
960 2485 1047 2556 αὐτοὶ
1075 2493 1252 2571 παντελῶς,

270 2676 296 2728 9.
321 2675 517 2747 ίπιτελοόμεθα
535 2674 564 2728 C.
638 2676 679 2728 10.
707 2671 818 2741 εἰκάζει]
837 2672 965 2738 stenen,
992 2673 1101 2737 εἰκάζειν
1121 2678 1152 2735 Α,
1180 2674 1252 2727 εἰκά-

269 2761 320 2823 ζεις
338 2762 370 2814 0.
442 2763 484 2814 12.
511 2759 559 2828 τῆς
576 2780 627 2814 om.
641 2760 694 2813 Ac.
767 2764 809 2816 1³.
836 2762 1003 2828 καθίλκηταί
1015 2763 1046 2824 Α,
1064 2764 1207 2815 καθίλιταί
1217 2762 1251 2814 D.

271 2847 314 2898 16.
341 2841 471 2917 άφθόρως
488 2845 520 2898 Β.
541 2840 554 2914 ΙΙ
574 2832 622 2913 ὦς]
640 2846 677 2899 aie
694 2849 726 2911 A,
744 2867 796 2900 orn.
815 2848 849 2900 0.
922 2847 963 2900 19.
991 2839 1059 2899 αὐτὸ
1078 2845 1108 2897 Β.

200 3016 250 3054 neo
268 2996 374 3053 excedit
391 3015 406 3052 ε
424 3015 455 3051 ae
477 2997 553 3073 ipso,
577 3016 627 3053 neo
649 2999 737 3054 minor
753 2998 799 3067 fit,
821 3019 870 3056 nec
893 2999 978 3055 εεενίι
1000 2998 1035 3053 iis
1058 2998 1104 3072 qni
1127 3016 1187 3052 eum
1211 3017 1253 3054 ca·

199 3085 289 3162 piant,
313 3082 362 3138 sed
379 3084 437 3139 vine
454 3101 531 3138 versa
549 3084 608 3161 ipse
625 3083 754 3160 gubernat
776 3095 804 3141 at
825 3095 959 3160 tamquam
981 3085 1068 3141 servis
1092 3084 1175 3140 utitur
1196 3101 1252 3138 om·

200 3169 286 3225 nibus.

271 3253 468 3321 sedantur
489 3254 596 3311 videtur
617 3253 684 3312 mihi
704 3275 817 3333 peccare
838 3255 904 3313 Ιειοο
926 3255 1060 3322 velitatio;
1083 3256 1256 3331 operationes

199 3342 270 3397 enim
288 3340 392 3397 diurnas
410 3342 519 3396 metitur
536 3339 571 3395 ad
587 3340 696 3398 modum
712 3339 863 3412 humanum,
883 3343 979 3400 deinde
997 3343 1101 3400 dubitat
1112 3339 1146 3395 do
1157 3341 1192 3395 iis
1205 3342 1252 3415 qui

198 3427 258 3483 fieri
275 3428 390 3505 possint.
438 3427 563 3502 quoniam
582 3428 652 3482 enim
668 3447 719 3484 noa
737 3446 826 3483 rerum
844 3448 934 3485 curam
951 3432 1051 3506 agimus
1068 3445 1122 3482 nou
1145 3427 1198 3480 nisi
1217 3425 1252 3480 ad

200 3533 247 3568 εει
267 3514 392 3570 conversi
410 3521 437 3568 et
455 3512 596 3568 affectibus
615 3511 687 3570 affixi
704 3515 739 3569 iia
757 3515 871 3589 negotiis
890 3535 957 3590 qnae
974 3515 1203 3578 administramuo3
1221 3532 1252 3568 aa

198 3607 311 3675 propter
328 3596 393 3654 hooc
411 3599 504 3675 opinio
523 3596 591 3655 mala
609 3595 742 3656 coniiotnt
764 3601 843 3655 etiam
865 3611 892 3656 et
914 3601 1025 3657 deorum
1045 3600 1193 3677 potentiam
1214 3600 1252 3655 ita

200 3684 355 3739 serviretis
374 3683 454 3740 robus
473 3704 539 3761 quas
556 3695 696 3762 procurat:
719 3705 787 3761 quae
810 3706 873 3742 saue
891 3687 925 3745 ad
943 3707 973 3743 ει
992 3706 1059 3763 quae
1081 3688 1124 3742 sni
1145 3687 1253 3763 partici-

198 3777 265 3845 pant
282 3787 416 3845 nunquam
434 3772 475 3826 sic
492 3769 607 3826 trahitur
624 3791 675 3827 neo
692 3773 720 3827 in
738 3771 896 3829 mundorum
915 3775 1050 3830 creatione
1072 3791 1123 3828 noc
1144 3774 1174 3827 in
1191 3789 1252 3848 pro·

198 3851 316 3910 videntia
334 3874 422 3912 rernm
439 3855 566 3914 factarum
583 3877 634 3914 neo
652 3860 680 3914 in
697 3860 824 3915 vaticinio
843 3861 912 3916 oirca
928 3879 982 3927 aas,
1001 3858 1051 3916 εοδ
1063 3867 1156 3915 contra
1168 3857 1252 3912 omni·

198 3939 251 3996 bns
268 3938 340 3995 ultro
362 3940 433 3997 bona
455 3945 576 4021 impertit
597 3947 684 4001 omnia
704 3944 738 4003 ad
758 3946 801 4001 sui
822 3944 1025 4002 similitudinem
1045 3943 1143 4001 format
1165 3943 1252 3998 omnia

198 4027 259 4083 aino
276 4026 376 4084 invidia
394 4027 576 4085 administrata
593 4030 713 4100 adiuvat,
737 4042 765 4087 ot
787 4041 885 4107 quanto
909 4035 993 4109 magis
1017 4040 1106 4088 manet
1127 4029 1199 4106 apud
1222 4048 1253 4084 οε

199 4121 273 4168 tuto
292 4116 375 4190 magio
393 4116 502 4193 propria
520 4115 680 4195 adimpletur
696 4117 822 4174 bonitate.
868 4138 919 4174 neo
936 4119 995 4195 ipsa
1013 4119 1050 4172 ita
1069 4137 1100 4172 εε.
1114 4113 1251 4192 dntparti-

199 4198 350 4275 atpmtibm
369 4210 400 4258 ut
418 4220 510 4259 eorum
527 4201 575 4259 fiat
591 4205 760 4281 mancipium,
778 4204 828 4262 reri
838 4205 1026 4284 participantia
1037 4202 1072 4261 de
1083 4223 1113 4261 εε
1126 4201 1180 4260 sibi
1190 4220 1253 4281 pro·
