2776 4876
114 354 196 431 aar
1117 350 1169 404 eor

202 507 274 572 Kal
296 507 450 573 ἐνταῦθα
473 503 513 584 δὴ
537 497 598 572 οὖν
621 505 639 571 ὁ
662 503 763 584 αὐτὸς
792 505 921 591 ἐξαρκεῖ
951 503 1062 589 λόγος·
1092 506 1208 590 ἡμῑν3

113 624 174 704 μέν
196 614 260 706 χάρ
283 613 455 705 βαρύτητα
477 621 532 682 καὶ
553 611 703 703 μιασμόν
725 617 1010 706 έναπομόρχνυται
1026 621 1091 685 τῶν
1112 621 1172 698 τῆς

78 747 93 798 3
112 735 223 820 ψυχῆς
243 726 514 808 κοινωνησάντων
535 732 614 795 ποτέ
637 726 800 814 σωμάτων
822 729 843 809 ἡ
868 727 1061 807 ἀπόλαυσις,
1093 728 1172 810 briu-

113 837 265 908 πόθειάν
292 864 328 906 τε
356 840 490 906 ἐντίκτει
521 843 578 907 καὶ
607 835 694 905 ἀλλα
725 847 852 925 ἐμποιεῖ
880 847 919 932 τῇ
947 842 1036 932 ψυχῇ
1064 836 1172 906 πολλά

115 951 308 1038 νοσήματα·
331 954 385 1018 aaa
408 953 442 1018 δέ
465 954 531 1017 τῶν
554 955 715 1019 θεῶνταί
731 957 1064 1037 τῶνέχκοσμίωνκαὶ
1085 949 1173 1017 ὅλων

80 1087 95 1136 6
117 1069 231 1131 αίτίων
253 1062 275 1143 ἡ
299 1058 366 1129 ἀπό
390 1059 514 1128 τούτων
536 1061 726 1148 ἀναγομένη
742 1088 811 1140 πως
825 1068 1024 1153 ἱεροπρεπῶς
1039 1061 1172 1130 ἀναθυ-

115 1180 230 1262 μίασις
252 1173 325 1256 (ἅτε
347 1167 389 1255 δὴ
412 1179 623 1261 περιεχομένη
646 1178 702 1242 καί
725 1173 765 1241 οὐ
783 1181 985 1262 περιέχουσα,
1008 1197 1171 1242 συναπτο-

115 1294 252 1371 μένητε
276 1282 360 1365 αὕτη
383 1282 466 1368 πρός
488 1282 527 1351 τό
549 1288 627 1366 πᾶν,
655 1285 728 1352 ἀλλ’
750 1285 823 1372 οὐχί
846 1284 1059 1355 συνάπτουσα
1089 1284 1173 1373 πρός

81 1394 236 1480 θέαυτὴν
263 1393 305 1463 τά
329 1394 394 1463 ὅλα
415 1399 471 1463 καὶ
493 1392 534 1462 τά
565 1401 631 1464 τῶν
661 1399 788 1479 θεῶν),
818 1394 1058 1487 συναρμόζεται
1087 1394 1171 1478 αὕτη

116 1522 185 1587 τοῖς
207 1512 372 1596 κρείττοσι
393 1512 450 1573 καὶ
473 1520 542 1586 τοῖς
571 1506 663 1586 όλοις
691 1514 823 1586 αἰτίοις,
853 1507 926 1576 ἀλλ’
946 1509 1018 1594 ουχὶ
1047 1514 1175 1595 κατέχει

116 1616 200 1686 αὐτὰ
223 1622 279 1685 καὶ
301 1617 498 1706 συναρμόζει
519 1616 603 1708 πρός
623 1618 752 1701 ἑαυτήν.

63 1747 97 1797 12
208 1731 290 1798 otta
312 1728 380 1816 χάρ.
400 1728 481 1817 ὅπερ
505 1754 540 1799 σε
563 1732 726 1813 ἐξίστησιν
748 1732 792 1808 ὡς
812 1729 1003 1819 μαχόμενον
1025 1735 1099 1821 περὶ
1114 1733 1173 1812 τῆς
1191 1740 1209 1796 l

116 1848 180 1909 τῶν
203 1841 360 1932 ἐμψύχων
383 1841 512 1928 ἀποχῆς
539 1847 602 1929 ἔχει
632 1838 706 1908 τινά
736 1845 927 1922 δυσκολίαν,
957 1843 986 1910 εἴ
1013 1867 1062 1921 τις
1090 1839 1173 1910 αὐτὸ

118 1955 233 2041 ὀρθῶς
254 1952 503 2039 ὑπολαμβάνοι·
533 1953 573 2020 οὐ
594 1949 658 2040 χάρ
681 1950 722 2035 δὴ
746 1959 802 2020 ίνα
817 1950 863 2039 μὴ
880 1961 911 2022 οἱ
929 1958 1006 2021 θεοὶ
1022 1967 1092 2033 τοῖς
1106 1950 1174 2021 ἀπό

65 2077 98 2126 15
117 2063 206 2146 ζώων
228 2066 347 2152 ἀτμοῖς
366 2070 577 2154 χραίνωνται,
601 2062 657 2132 ὁιά
678 2070 776 2133 τοῦτο
800 2072 831 2132 oi
855 2063 1099 2150 θεραπεύοντες
1114 2065 1174 2134 αὑ·
1209 2064 1211 2071 ’

117 2174 194 2255 τοὺς
215 2176 394 2263 ἀπέχονται
416 2180 482 2243 των
504 2175 667 2264 ἐμψύχων.
713 2182 763 2255 τίς
785 2172 849 2265 χάρ
873 2172 916 2244 ἀν
937 2181 994 2245 καὶ
1017 2175 1085 2244 ἀπό
1109 2200 1173 2245 σω-

117 2287 231 2372 μάτων
254 2288 485 2373 ἀναθυμίασις
507 2286 620 2365 αὐτοῖς
642 2287 827 2366 πελάσειεν,
856 2295 886 2354 οἱ
910 2294 965 2355 καὶ
988 2294 1066 2376 πρὶν
1089 2287 1173 2380 ἐφό-

176 2493 212 2543 2.
239 2486 380 2560 βαρύτατα
399 2489 429 2542 Β.
555 2492 579 2542 2.
594 2491 619 2544 3.
647 2488 694 2558 τῆς
711 2487 812 2558 ψυχῆς]
831 2489 865 2540 alc
884 2489 969 2554 ΑΕΒ,
997 2489 1029 2561 τῇ
1047 2492 1120 2562 ψυχῇ
1139 2493 1173 2544 0.

188 2578 212 2629 6.
240 2573 405 2647 ἀναχομίνη]
424 2575 459 2627 sic
476 2576 554 2639 ACl),
573 2580 714 2648 ίναχομένη
732 2577 765 2630 0.
840 2576 897 2628 LE.
926 2581 1123 2647 συνταττομίνη
1142 2581 1172 2631 Α.

188 2664 214 2715 8.
243 2661 434 2717 συντάττουσα
453 2663 534 2716 ACD.
614 2664 654 2716 10.
683 2671 740 2724 τοῖς
759 2677 815 2715 anto
834 2659 920 2728 ὅλοις]
939 2661 974 2713 sic
988 2662 1041 2726 AC,
1068 2684 1118 2716 orn.
1139 2664 1173 2717 0.

200 2743 212 2817 ΙΙ
224 2746 342 2818 κατέχει]
361 2748 396 2800 sic
413 2747 459 2800 Ac
476 2749 546 2816 Reg..
573 2749 715 2816 κατάσχετε
730 2749 766 2813 Β,
795 2751 911 2816 κατέχειν
929 2749 966 2810 D,
994 2745 1123 2817 κατάσχοι
1140 2751 1172 2805 Ο.

190 2840 231 2889 11.
260 2835 430 2909 συναρμόζων
449 2835 481 2887 Β.
553 2838 595 2891 12.
623 2833 769 2906 ἐξίστησιν]
789 2839 894 2890 εἴσεισιν
914 2833 994 2900 ACD,
1014 2839 1123 2896 ελςσεσιν
1140 2837 1173 2904 Β,

188 2928 283 2978 είσισεν
301 2924 362 2989 Reg.
435 2925 476 2974 15.
502 2925 658 2992 χραίνονται
676 2921 709 2973 Ι).

191 3106 300 3164 Sufficit
319 3111 399 3164 etiam
417 3106 462 3163 bie
480 3107 572 3163 eadem
590 3109 667 3162 ratio.
715 3107 794 3162 uobis
812 3127 876 3162 sane
898 3107 1068 3182 gravedinem
1091 3117 1119 3162 et
1136 3104 1212 3165 iri-3

119 3194 318 3268 quinameutum
336 3194 414 3250 affert
425 3212 488 3250 esus
501 3212 645 3270 corporum
657 3194 758 3249 animae
770 3212 856 3270 nuper
867 3194 1080 3261 coniunctorum,
1098 3196 1176 3270 quiu-

119 3282 199 3335 etiam
218 3278 311 3336 dulces
329 3283 430 3336 animae
446 3279 561 3337 instillat
579 3279 703 3347 effeetus,
727 3278 848 3354 aliosque
871 3276 1081 3355 quamplurimos
1104 3281 1175 3356 lage·

119 3376 195 3422 neret
216 3368 333 3424 morbos.
382 3367 431 3423 sed
454 3384 537 3444 vapor
559 3363 686 3421 exhalans
709 3365 742 3421 ab
765 3362 923 3422 animalibus
946 3373 973 3419 et
995 3363 1176 3441 suffumigatio

119 3473 195 3509 saera
213 3456 265 3510 rite
281 3465 390 3533 peraeta
409 3454 461 3509 diis
480 3451 674 3527 mundanisque
691 3461 718 3507 et
735 3449 932 3508 universalibus
956 3451 1045 3506 causis
1063 3452 1177 3528 (utpote

120 3559 188 3614 quae
206 3540 234 3593 iu
251 3539 352 3595 divinis
371 3542 552 3604 contineatur,
576 3557 631 3592 non
649 3558 680 3593 ea
698 3541 820 3594 vicissim
838 3540 987 3604 contiueat,
1011 3546 1039 3592 et
1056 3538 1116 3615 ipsa
1134 3557 1176 3594 ae·

120 3623 287 3681 commodata
304 3628 444 3692 universo,
468 3634 628 3680 nouantem
651 3623 704 3680 sibi
727 3624 855 3702 adaptans
879 3625 1003 3679 universa
1023 3633 1050 3679 et
1067 3623 1176 3695 divina)

119 3714 171 3766 ista
190 3709 348 3766 melioribus
365 3713 467 3768 nataris
486 3720 514 3766 et
532 3713 620 3768 causis
639 3709 834 3767 universalibus
846 3710 1003 3788 applicatur,
1022 3712 1115 3788 nequit
1132 3733 1177 3769 au·

120 3808 174 3852 tem
193 3796 240 3852 illa
259 3798 442 3873 constringere
460 3807 488 3854 et
505 3798 558 3854 sibi
576 3796 720 3875 applieare.
1063 3801 1066 3805 ’

192 3883 249 3939 Sed
267 3904 318 3940 nee
336 3882 404 3939 illud
421 3882 512 3940 solutu
530 3881 642 3940 difficile
660 3892 711 3949 est,
729 3885 843 3939 sirecte
861 3881 1034 3960 intelligatur,
1057 3884 1131 3963 quod
1148 3895 1175 3942 te
1193 3884 1212 3939 4

121 3979 261 4047 tantopere
279 3971 371 4038 movit,
391 3991 422 4026 ac
440 3973 463 4026 si
482 3989 613 4048 pugnares
632 3988 682 4046 pro
695 3969 855 4026 abstinentia
867 3972 900 4026 ab
912 3970 1080 4028 animalibus.
1125 3993 1175 4028 nee

121 4059 192 4112 enim
209 4067 352 4135 propterea
372 4057 482 4114 deorum
505 4053 623 4112 cultores
646 4055 679 4111 ab
702 4054 859 4114 animalibus
881 4057 1029 4126 abstinent,
1051 4078 1085 4112 ne
1107 4056 1177 4113 forte

122 4143 267 4221 vaporibus
286 4143 324 4200 dii
342 4146 569 4210 contaminentur3
593 4164 661 4219 quae
679 4145 782 4200 enima
804 4146 963 4223 corporibus
986 4142 1119 4201 exhalatio
1143 4143 1177 4200 aal

124 4230 190 4287 aleos
212 4240 303 4308 potest
326 4232 558 4310 appropinquare?
586 4251 647 4288 uam
670 4230 707 4287 dii
729 4234 884 4309 priusquam
910 4227 1046 4288 materiale
1074 4228 1176 4308 aliquid
