2776 4876
208 355 261 419 t‚5
1212 355 1267 410 205

208 506 410 596 πορρωτάτω
433 504 497 596 γάρ
526 506 634 574 αὐτῶν
663 511 718 575 καὶ
747 502 837 575 οὗτοι
867 513 925 588 τῆς
948 507 1063 587 οὐσίας
1085 514 1140 578 καὶ
1163 510 1262 578 δυνά-

208 645 293 705 μεως
315 616 551 710 ἀφεστήκασιν.

174 745 189 796 t
301 727 379 810 Ὅλη
403 725 470 818 άρα
492 735 548 798 καὶ
571 733 630 812 τῆς
652 728 869 809 ἐναντιώσεως
891 730 1115 822 συνανῄρηται
1138 732 1158 812 ἡ
1181 731 1264 800 ὑπό-

208 848 313 921 θεσις,
336 850 363 909 εὶ
377 846 557 933 μηδέτερον
572 841 676 923 αὐτῆς
688 840 826 929 ὑπάρχει
839 841 957 930 μόριον
971 849 1045 929 περὶ
1060 840 1138 922 τούς
1152 843 1264 922 θεούς.

210 952 229 1021 d
251 952 316 1042 γάρ
339 957 422 1040 μηδὲ
444 952 529 1030 ὅλως
550 957 630 1033 ἐστί,
652 956 720 1031 πῶς
741 952 784 1020 dv
806 958 860 1046 ἔχη
876 952 950 1020 τινὰ
966 964 1002 1023 ὲν
1016 960 1121 1040 ἑαυτῷ
1136 955 1264 1042 μάχηνς

174 1084 191 1134 c
209 1065 318 1152 μάτην
340 1061 407 1153 άρα
428 1062 619 1142 ὑποπτεύεις
641 1061 684 1131 τά
699 1069 839 1132 τοιαῦτα
854 1066 897 1145 ὡς
912 1064 1031 1148 άτοπα,
1053 1072 1109 1135 καὶ
1125 1066 1265 1147 ἀναξίας

210 1181 276 1245 τῶν
298 1180 390 1244 θεῶν
411 1174 589 1265 προσάγεις
611 1174 762 1264 ἀπορίας,
784 1173 825 1255 ἃς
840 1177 910 1274 οὐδ’
929 1178 979 1245 ἐπ’
994 1177 1186 1266 ἀνθρώπων
1201 1181 1266 1244 τῶν

209 1289 356 1374 ἀγαθῶν
376 1285 516 1371 εὐλόγως
538 1285 580 1354 άν
602 1314 651 1367 τις
672 1286 841 1375 πρόσοιτο.
887 1286 925 1355 τὸ
955 1291 1019 1376 γὰρ
1048 1289 1265 1372 δελεάζεσθαι

174 1398 272 1469 sind
294 1403 354 1482 τῆς
375 1404 440 1466 τῶν
469 1398 582 1484 ἀτμῶν
611 1397 871 1485 ἀναθυμιάσεως
900 1401 974 1468 οὐδὲ
1004 1398 1187 1487 άνθρωπός
1217 1427 1266 1480 τις

209 1517 289 1580 νοῦν
311 1515 392 1598 ἔχων
413 1515 470 1578 καὶ
483 1507 627 1593 ἀπαθὴς
648 1511 818 1592 είσδίξαιτ’
835 1508 877 1577 άν
899 1537 978 1580 ποτε
1003 1520 1048 1590 εὶς
1069 1511 1196 1592 ἑαυτόν,
1219 1509 1264 1598 μη

210 1621 261 1690 ὅτι
282 1648 319 1709 γε
340 1625 407 1690 τῶν
428 1620 622 1705 κρειττόνων
644 1647 709 1700 τις·
739 1619 825 1690 ἀλλὰ
847 1628 952 1691 ταῦτα
975 1628 1034 1707 μὲν
1064 1622 1183 1710 μικρὸν
1204 1622 1265 1692 ὕσ-

157 1743 191 1792 12
210 1759 304 1822 τερον
325 1732 471 1814 τεύξεται
494 1731 603 1818 λόγου,
626 1738 701 1800 νυνὶ
724 1736 757 1800 δὲ
780 1738 839 1816 τῆς
861 1732 1082 1813 ἐναντιώσεως
1104 1733 1161 1801 διὰ
1182 1739 1264 1804 πολ-

209 1849 274 1914 λῶν
305 1845 431 1913 λύσεων
456 1845 653 1937 ἀνῃρμένης,
683 1848 835 1912 ἐνταῦθα
863 1851 920 1914 καὶ
948 1850 1022 1935 περὶ
1050 1850 1109 1928 τῆς
1136 1844 1266 1935 πρώτης

209 1955 352 2044 ἀπορίας
373 1953 433 2024 τὸν
455 1956 615 2041 λογισμὸν
638 1954 870 2040 ἀποπαάωμεν.

158 2085 190 2133 15
300 2065 337 2136 Ὃ
359 2071 394 2134 δὲ
416 2069 527 2154 μεῖζον
550 2065 701 2155 ἐρώτημα
730 2071 882 2155 καὶπερὶ
910 2066 1068 2152 μειζόνων
1096 2067 1265 2162 πυνθάνῃ,
1284 2079 1303 2136 5

209 2183 277 2258 πῶς
306 2176 349 2246 άν
377 2203 432 2248 σοι
460 2182 642 2260 δυνηθείην
670 2177 838 2263 δυσβάτου
865 2185 922 2246 καὶ
950 2185 1080 2267 μακρᾶς
1109 2177 1266 2266 δεόμενον

210 2288 464 2377 ὃιερμηνεύσεως
491 2289 748 2379 ἀποκρίνασθαι
781 2289 836 2356 διά
863 2293 1013 2378 βραχίων
1042 2297 1098 2358 καὶ
1127 2295 1265 2373 1κανῶς;

284 2495 308 2545 1.
336 2495 381 2545 καί
403 2507 460 2561 post
478 2487 573 2550 οὐσίας
600 2511 651 2544 om.
672 2491 752 2544 Aci).
896 2495 920 2546 ³.
949 2491 981 2560 ἡ]
1000 2493 1034 2543 sic
1055 2494 1133 2556 ΑΘΒ,
1160 2513 1211 2544 om.
1230 2493 1264 2545 0.

280 2580 304 2630 4.
332 2574 413 2647 μηδ’
428 2579 517 2649 ίτερον
534 2577 567 2628 Β.
692 2580 715 2630 5.
744 2581 799 2644 lgna
821 2581 857 2640 A,
884 2581 934 2645 ἔχει
957 2577 1012 2630 CD.
1139 2580 1181 2631 10.
1209 2580 1266 2631 εἰσ-

280 2659 397 2730 δίξαιτῚ
415 2666 562 2722 είσίίξοιιτο
580 2660 615 2724 Ι),
642 2665 784 2722 sicilicum
801 2664 832 2716 τὸ
855 2663 907 2716 Ac.
1015 2666 1058 2716 11.
1085 2660 1266 2734 ἀποπαύομεν

281 2749 362 2812 Aen,
389 2744 559 2820 οἷπολαίιομεν
578 2748 609 2800 Β.

209 2930 336 2998 volitent3
355 2953 417 2988 nam
435 2954 450 2988 a
468 2933 521 2990 diis
540 2932 703 3011 deorumque
722 2935 839 2990 essentia
857 2943 884 2989 et
902 2944 1036 3012 potestate
1048 2935 1205 3012 longissime
1218 2939 1265 2993 isti

210 3039 325 3097 vapores
343 3019 449 3075 absunt.

281 3105 393 3162 Corruit
409 3107 490 3180 igitur
508 3108 689 3184 oppositionis
708 3124 786 3180 qnam
803 3104 892 3163 iecisti
910 3117 966 3163 tota
985 3106 1104 3172 fabrica,⁴
1118 3107 1142 3160 si
1160 3105 1195 3160 de
1213 3105 1265 3161 diis

210 3202 335 3248 nentrum
351 3193 409 3248 eins
426 3191 572 3249 membrum
591 3191 721 3269 procedat
773 3212 838 3248 sane
856 3193 928 3268 qnod
941 3194 1048 3248 omnino
1062 3209 1116 3246 non
1128 3201 1178 3258 est,
1197 3190 1265 3247 aitil

209 3289 300 3355 potest
324 3280 352 3334 in
375 3299 406 3334 se
422 3277 522 3334 laabere
544 3277 618 3353 quod
642 3279 743 3355 opponi
766 3280 862 3356 possit
906 3277 1004 3333 frustra
1028 3278 1108 3352 igitur
1129 3285 1160 3333 tu
1182 3278 1266 3333 istaec

209 3375 342 3441 tamqnam
365 3366 508 3442 pugnantia
532 3365 560 3419 in
583 3364 765 3441 suspicionem
789 3362 886 3430 trahis,
914 3373 943 3418 et
967 3362 1019 3418 diis
1042 3362 1150 3417 minime
1172 3360 1265 3436 dignas

208 3450 312 3528 profers
325 3450 519 3516 dubitationes,
538 3469 604 3524 quas
622 3449 656 3505 de
668 3448 821 3506 hominibus
839 3449 1011 3506 mediocriter
1030 3449 1108 3504 bonis
1131 3466 1188 3502 non
1205 3465 1265 3502 sns-

208 3539 307 3591 tineret
329 3537 390 3609 quis
412 3543 487 3590 recte
508 3532 619 3591 adferre.
666 3537 727 3611 quis
750 3538 821 3592 enim
843 3535 993 3602 hominum,
1024 3532 1122 3589 nedum
1146 3532 1265 3600 deorum,

208 3618 291 3700 paulo
308 3620 455 3697 sapientior
473 3629 501 3675 et
519 3620 625 3676 sobrius
644 3621 678 3679 de
696 3642 726 3678 se
744 3621 773 3678 id
790 3621 951 3689 admitteret,
975 3630 1005 3676 nt
1022 3619 1166 3696 vaporibus
1184 3617 1267 3676 suffu-

209 3707 361 3783 migationis
379 3725 409 3761 sc
426 3703 553 3761 fateretur
575 3709 706 3765 inescari?
731 3707 782 3765 sed
805 3705 840 3764 de
862 3706 905 3762 his
928 3704 1007 3784 paulo
1031 3705 1098 3761 inira
1120 3726 1209 3762 sermo
1227 3708 1267 3763 in·

209 3795 344 3858 stituctur,
363 3810 434 3846 nunc
451 3801 538 3846 autem
557 3797 681 3868 qnoniam
698 3815 747 3872 per
764 3795 853 3851 varias
871 3791 1019 3849 solutiones
1032 3790 1078 3849 illa
1091 3794 1266 3848 contrarietas

209 3899 223 3933 a
251 3888 279 3933 te
306 3877 411 3932 obiecta
440 3875 544 3932 sublata
568 3889 622 3947 est,
649 3880 684 3936 de
707 3881 795 3955 primo
818 3876 900 3933 dubio
923 3878 1002 3934 nobis
1025 3879 1069 3935 hic
1093 3880 1179 3935 oratio
1203 3897 1266 3934 eon-

208 3966 338 4039 quiescet.

279 4048 370 4105 Ardua
388 4060 431 4105 εει
454 4051 577 4125 quaestio
599 4048 686 4125 deque
709 4049 788 4106 rebus
811 4051 912 4126 magnis
936 4070 1015 4126 quam
1037 4072 1108 4108 nnnc
1132 4051 1301 4116 instituis35

208 4137 251 4191 cni
270 4144 300 4191 ut
317 4137 410 4212 paucis
429 4134 590 4191 satisfaciam
608 4138 654 4192 vix
671 4137 735 4202 crit;
754 4135 856 4212 indiget
868 4136 938 4192 enim
950 4136 1136 4214 explanatione
1149 4154 1264 4210 operosa

208 4231 236 4277 et
253 4221 340 4297 longa
385 4221 471 4278 dicam
489 4221 663 4278 nihilominus
681 4232 708 4278 et
727 4221 834 4299 quidem
852 4233 882 4278 nt
899 4233 994 4299 potero
1007 4221 1163 4297 diligentem
1181 4241 1265 4279 eonor
