2776 4876
203 363 256 425 Μ
1213 365 1267 419 20¹1

204 522 236 584 οἱ
260 518 405 583 τοιοῦτοι
430 513 548 602 τρόποι
570 519 635 581 τῶν
657 519 795 584 θυσιῶν.
840 514 923 584 ὥστε
949 516 1008 584 οὐκ
1024 513 1068 584 άν
1083 545 1131 598 τις
1145 518 1267 600 αὐτους

204 623 391 713 δοκιμάσειε
417 629 549 704 δικαίως
572 626 615 705 ὡς
636 626 784 708 άπαξίως
806 634 871 694 τῶν
894 636 929 696 έν
950 629 1067 708 αὐταῖς
1089 635 1191 718 έργων
1205 629 1266 714 τὴν

169 754 185 804 3
206 741 317 807 αἰτίαν
333 737 641 824 ἀπολογιζομένους,
657 738 730 805 ἀλλ’
746 744 833 828 είπερ
848 736 917 830 άρα
933 741 976 819 ὡς
991 745 1265 810 ἐπακολουθοῦν-

205 877 266 929 τας
290 852 346 917 καί
368 847 454 917 κατά
477 848 629 938 δεύτερον
652 847 775 938 τρόπον
796 845 1060 938 ’συνηρτημένους
1088 864 1157 931 τοῖς
1179 852 1266 941 πρώ-

207 988 276 1040 τοις
297 965 354 1030 καὶ
375 959 614 1050 πρεσβυτάτοις
636 964 754 1040 αίτίσις
776 964 931 1050 δευτέρως
953 959 996 1028 άν
1018 960 1140 1043 αὐτους
1156 990 1266 1056 παρα-

173 1072 347 1153 θδέξαιτο.

294 1185 441 1250 Ἀπαιτεῖ
463 1179 504 1264 δή
529 1175 589 1250 οὖν
612 1183 630 1250 ὁ
654 1180 752 1268 λόγος
774 1191 882 1264 είπεῖν,
912 1183 998 1252 κατά
1021 1191 1054 1253 τί
1076 1188 1114 1254 τὸ
1137 1192 1302 1269 ποιητι-’ί

208 1292 269 1363 κδν
291 1300 401 1383 έχουσι
423 1300 488 1363 τῶν
510 1292 715 1382 πραγμάτων
744 1301 780 1361 αἱ
803 1299 923 1365 θυσίαι
951 1302 1006 1364 καὶ
1037 1295 1075 1365 τὸ
1105 1322 1266 1388 συνηρτη-

175 1420 190 1470 9
208 1414 308 1496 μένον
329 1403 412 1494 πρὸς
434 1402 511 1485 rode
534 1400 638 1484 θεοδς
661 1403 737 1486 τοδς
759 1414 1024 1497 προηγουμένους
1053 1414 1179 1489 αίτίους
1200 1413 1266 1477 τῶν

208 1525 416 1605 γιγνομένων.
462 1514 522 1583 tola
544 1520 579 1584 δέ
602 1520 760 1603 λέγωμεν,
789 1517 832 1596 ὡς
860 1525 895 1584 έν
924 1522 973 1586 ἑνὶ
999 1517 1069 1606 ζοίρι
1096 1526 1142 1606 τῷ
1165 1526 1265 1588 παντί

209 1635 265 1698 καί
288 1634 369 1716 μίαν
391 1627 477 1710 ζωην
500 1627 561 1710 τὴν
584 1625 689 1708 αὐτὴν
710 1632 882 1717 πανταχοῦ
904 1634 1011 1716 έχοντι
1032 1635 1185 1699 κοινωνία
1201 1635 1266 1699 τῶν

157 1749 190 1799 ¹2
210 1743 333 1829 ὁμοίων
355 1737 525 1829 δυνάμεων
555 1732 664 1820 iltuit
686 1745 843 1809 έναντίων
871 1739 1044 1820 διάστασις
1073 1740 1095 1822 ἤ
1124 1768 1173 1822 τις
1196 1751 1264 1810 ίπι-

210 1850 378 1935 τηδειότης
411 1856 471 1920 τοῦ
505 1855 681 1930 ποιοῦντος
713 1850 797 1940 πρὸς
829 1849 868 1919 τὸ
896 1849 1027 1939 πάσχον
1055 1865 1197 1941 συγκινεῖ
1223 1854 1265 1921 τά

209 1961 310 2051 ὅμοια
338 1967 393 2030 καί
422 1961 602 2045 ἐπιτήδεια,
636 1963 791 2042 ὡσαύτως
824 1961 910 2031 κατά
938 1969 1019 2049 μίαν
1050 1964 1266 2050 συμπάθειαν

159 2085 191 2136 15
209 2073 368 2158 διήκουσα
390 2079 446 2142 καί
469 2081 505 2142 ἐν
527 2088 598 2154 τοῖς
619 2072 820 2165 πορρωτάτω
843 2074 887 2152 ὡς
910 2079 1042 2159 ἔγγιστα
1065 2068 1149 2155 οὖσι,
1176 2079 1265 2162 λέγε-

209 2212 265 2254 ται
287 2193 347 2273 μέν
369 2213 401 2254 τι
424 2186 509 2254 οὕτω
533 2189 598 2254 τῶν
621 2185 764 2266 ἀληθῶν
785 2190 841 2252 καί
864 2191 929 2252 τῶν
944 2193 1173 2273 συνεπομένων
1188 2197 1262 2265 ταῖς

210 2301 348 2376 θυσίαις
376 2298 411 2379 έξ
440 2295 602 2383 ἀνάγκης,
637 2295 676 2364 οὐ
704 2291 772 2382 μην
801 2292 857 2380 ὅγε
887 2293 1022 2378 ἀληθὴς
1049 2295 1171 2383 τρόπος
1199 2302 1265 2364 τῶν

279 2501 305 2554 2.
332 2501 441 2560 ἐπαξίως
460 2499 518 2552 ΔΙ).
600 2502 624 2553 3.
652 2493 876 2568 ἀπολογιζομένου
896 2497 999 2552 Anco.
1081 2501 1104 2552 3.
1115 2501 1140 2552 4.
1168 2504 1265 2552 tuero-

201 2620 202 2623 =
279 2582 393 2646 λοῦττας
411 2586 443 2638 Β.
573 2587 669 2638 7-10.
702 2583 774 2637 κατὰ
791 2581 1043 2654 τί-γιγνομίνων]
1068 2586 1128 2638 haec
1146 2585 1171 2637 in
1191 2585 1265 2638 Galei

279 2670 380 2740 epistola
399 2670 570 2745 Porphyrium
589 2671 764 2724 desiderantur.
874 2669 916 2720 14.
944 2667 1005 2735 καί]
1024 2669 1059 2722 sie
1078 2671 1132 2736 Ac,
1160 2693 1210 2726 om.
1231 2671 1264 2726 0.

281 2759 323 2810 16.
350 2755 391 2823 τι]
411 2777 456 2812 σοι
473 2758 553 2822 Act),
581 2778 624 2811 τοι
642 2756 673 2808 B.

210 2944 370 3020 cipationem
389 2941 536 3011 conserunt,
555 2942 621 2998 baec
639 2943 747 3017 inquam
765 2939 840 2998 nullo
859 2940 939 2995 modo
957 2941 1152 2998 sacrificiorum
1164 2963 1178 2996 a
1191 2952 1218 2998 te
1231 2944 1266 2998 si·

209 3027 348 3103 gnificatae
367 3026 560 3106 explicationes
578 3039 605 3085 et
623 3028 696 3084 modi
714 3036 836 3104 tangunt:
857 3046 938 3103 quare
950 3028 1054 3103 opinor,
1073 3048 1152 3084 nemo
1164 3030 1265 3104 poterit

209 3133 256 3169 eos
275 3113 425 3180 admittere,
448 3123 479 3168 ut
497 3115 614 3190 quinon
633 3115 700 3170 satis
718 3133 768 3191 pro
786 3114 883 3169 merito
901 3132 995 3168 causas
1014 3112 1155 3168 effectuum
1178 3113 1206 3166 in
1224 3131 1264 3167 εε-

212 3199 321 3255 orificiis
340 3199 489 3275 assignant,
512 3220 543 3254 ac
565 3203 589 3257 si
607 3201 677 3257 forte
694 3200 863 3278 probaverit,
886 3200 1000 3275 accipiet
1018 3196 1139 3274 profecto
1158 3217 1205 3253 eos
1224 3218 1264 3253 se·

208 3282 296 3340 cundo
314 3286 343 3339 in
359 3283 420 3340 loco
439 3293 467 3340 et
485 3287 562 3360 quasi
581 3295 774 3361 consequentes
794 3295 821 3340 et
839 3285 919 3341 modo
944 3281 1102 3339 secundario
1126 3293 1264 3360 coaptatos

208 3371 301 3448 primis
320 3380 348 3426 et
365 3372 560 3446 antiquissimis
579 3373 667 3427 causis
687 3370 818 3426 eiusmodi
837 3371 986 3426 effectuum.

278 3455 402 3511 Postulat
424 3459 505 3533 igitur
527 3476 616 3513 sermo
638 3454 684 3512 hio
706 3465 736 3511 ut
759 3456 875 3524 dicatur,
899 3453 1033 3531 quomodo
1057 3472 1168 3530 operum
1190 3448 1301 3529 prae-7

208 3541 364 3596 stendorum
382 3541 527 3598 efficaciam
545 3541 659 3598 habeant
678 3543 822 3610 sacrificia,
844 3541 996 3618 quibusque
1013 3538 1163 3594 rationibus
1185 3558 1264 3617 coap-

208 3637 299 3682 tentur
321 3624 387 3693 diis,
412 3629 459 3702 qui
482 3647 545 3683 sene
568 3631 685 3684 omnium
708 3649 775 3705 quae
796 3629 865 3684 liunt
887 3646 982 3682 caussae
1005 3634 1069 3681 sunt
1091 3624 1263 3703 principales.

209 3715 232 3768 si
252 3711 383 3778 dicamus,
406 3711 521 3768 mundus
547 3723 590 3769 est
608 3713 703 3770 animal
721 3735 816 3782 unum,
842 3712 974 3787 habetque
997 3731 1076 3766 unam
1099 3711 1263 3787 eandemque

208 3798 307 3874 ubique
318 3798 408 3864 vitam,
421 3797 535 3874 proinde
547 3802 698 3857 communio
713 3798 869 3876 qualitatum
880 3796 1016 3863 similium,
1035 3806 1081 3852 aut
1093 3795 1263 3855 dissimilium

207 3904 303 3962 pugna,
322 3891 367 3937 aut
386 3893 458 3939 certe
476 3883 596 3961 aptitudo
616 3885 744 3961 quaedam
764 3886 866 3959 agentis
885 3883 918 3938 ad
936 3884 1040 3960 patiens
1059 3894 1210 3940 commovet
1228 3886 1263 3940 εἰη

207 3969 279 4025 milia
300 3979 326 4025 et
345 3979 405 4048 apta
425 3969 518 4025 eodem
537 3969 626 4038 modo,
649 3971 712 4026 dnm
730 3967 857 4025 videlieet
879 3968 1007 4027 discurrit
1028 3968 1223 4047 symp‘etbetice
1242 3990 1262 4036 ,ε

207 4056 395 4122 remotissimis
414 4054 448 4111 ad
466 4057 644 4111 remotissima
663 4077 693 4112 ae
711 4056 736 4110 si
755 4075 833 4131 quam
851 4056 972 4133 proxime
989 4058 1060 4111 inter
1078 4076 1108 4111 se
1127 4055 1261 4120 abessent,

208 4163 270 4198 sane
288 4140 333 4198 bie
351 4141 453 4217 aliquid
472 4162 487 4197 e
509 4161 574 4199 vero
593 4141 740 4210 diceretur,
764 4150 791 4196 et
814 4141 884 4218 quod
909 4145 1030 4218 sequitur
1052 4140 1204 4196 necessario
1227 4139 1261 4196 ad

208 4228 351 4295 sacrificia,
379 4248 432 4284 nou
461 4239 549 4284 tamen
576 4248 654 4285 verus
680 4226 728 4285 ille
754 4227 947 4284 sacrificiorum
976 4228 1071 4283 modus
1102 4222 1258 4300 explicatur.
