2776 4876
197 352 251 408 262
1200 350 1256 414 &3

198 507 287 594 πηγη
311 511 376 574 τῶν
397 504 532 573 πάντων
557 510 614 571 καὶ
643 501 784 590 πυθμὴν
811 508 876 573 τῶν
904 511 1090 590 νοουμένων
1118 501 1259 590 πρώτων

199 623 293 686 ἰδεῶν
316 615 436 685 ὄντων·
466 617 533 683 ἀπὸ
557 620 591 684 δὲ
614 620 674 684 τοῦ
694 613 769 695 ἑνὸς
795 613 954 685 τούτονὸ
982 612 1149 703 αὐτάρκης
1172 609 1260 692 θεὸς

198 726 317 797 ἑαυτὸν
339 729 511 819 ἐξέλαμψε,
533 723 585 796 διὸ
600 733 656 794 καί
671 725 867 816 αὐτοπάτωρ
883 731 940 794 καί
954 723 1129 814 αὐτάρκης.
1166 720 1255 813 άρχὴ
1277 745 1293 796 3

198 837 262 927 γάρ
286 834 384 918 οὗτος
405 845 461 906 καὶ
485 836 568 917 θεὸς
590 842 690 917 θεῶν,
712 835 819 925 μονάς
841 844 875 904 ἐκ
899 841 957 904 τοῦ
971 834 1056 917 ἑνός,
1077 834 1260 926 προούσιος

200 956 256 1019 καί
279 950 363 1040 ἀρχὴ
386 956 446 1032 τῆς
469 950 593 1027 οὐσίας.
639 949 697 1016 ἀπ’
720 949 823 1017 αὐτοῦ
844 948 909 1036 γάρ
930 948 952 1030 ἡ
976 947 1129 1030 αὐσιότης
1155 952 1212 1015 καί
1235 947 1258 1029 ἡ

200 1062 306 1142 οὐσία,
329 1060 381 1130 elul
404 1067 460 1128 καὶ
483 1059 692 1145 οὐσιοπάτωρ
715 1064 878 1127 καλεῖται·
901 1059 1002 1138 αὐτὸς
1025 1056 1089 1148 γάρ
1112 1055 1151 1125 τὸ
1173 1082 1295 1145 neo-e

202 1170 304 1252 ὄντας
320 1171 359 1241 ὅν
377 1182 453 1253 ἐστι,
477 1177 541 1239 τῶν
556 1176 684 1253 νοητῶν
699 1169 793 1259 ἀρχή,
817 1173 868 1237 διὸ
884 1175 940 1238 καὶ
954 1169 1139 1258 νοητάρχης
1153 1191 1260 1255 προσ-

201 1282 409 1370 αγορεύεται·
433 1279 531 1352 αὗται
553 1288 614 1369 μὲν
637 1276 697 1349 οὐν
712 1287 793 1350 εἰσὶν
809 1283 910 1370 ἁρχαὶ
931 1280 1156 1368 πρεσβύταται
1171 1278 1260 1348 πάν-

200 1419 273 1474 των,
301 1391 343 1472 άς
361 1395 484 1484 Ἑρμῆς
511 1389 671 1482 πρὸιτῶν
695 1397 856 1478 αἰθερίαν
885 1398 941 1460 καί
969 1396 1135 1481 ἐμπορίων
1164 1394 1298 1463 «tenve

199 1504 377 1594 προτάττει
398 1510 454 1573 καὶ
470 1510 534 1573 τῶν
549 1506 768 1594 ἐπουρανίων·
790 1500 908 1571 ἑκατὸν
923 1509 984 1590 μὲν
998 1508 1073 1592 περὶ
1087 1506 1147 1585 τῆς
1168 1508 1260 1569 ἱστο-

201 1621 276 1703 ρίας
299 1622 364 1685 τῶν
387 1622 552 1705 ἐμπορίων
574 1621 630 1683 καὶ
653 1614 823 1704 ἰσάριθμα
847 1612 975 1694 τούτοις
989 1619 1145 1703 περὶτῶν
1159 1617 1262 1680 atrie-

199 1733 280 1812 ρίαν
302 1728 545 1814 συγγράμματα
573 1724 758 1813 παραδούς,
784 1731 875 1812 χίλια
905 1729 939 1793 δὲ
967 1729 1042 1814 περὶ
1071 1729 1136 1792 τῶν
1162 1732 1262 1792 ὄπου·
1283 1741 1318 1791 12

268 1842 334 1903 ίων.

163 1955 183 2014 3
202 1861 266 1925 ραν
291 1949 378 2016 Κατ’
394 1946 499 2029 άλλην
522 1951 557 2015 δὲ
580 1945 674 2029 τάξιν
696 1947 871 2036 προτάττει
887 1945 972 2015 θεὸν
986 1944 1179 2039 τὸνἨμηφ
1192 1951 1263 2014 τῶν

271 2135 296 2186 2.
325 2132 413 2201 ἰδεῶν]
433 2133 560 2197 siem),
588 2131 674 2205 εἰδεεῗιν
687 2133 719 2197 Β,
748 2131 821 2185 εἰδῶν
840 2126 953 2200 Quill]
974 2133 1005 2201 δὴ
1025 2133 1084 2186 AI).
1156 2135 1182 2186 3.
1213 2127 1263 2184 αὐ-

270 2215 370 2290 τάρχης
381 2220 416 2270 D.
493 2220 571 2271 6-7.
591 2214 1096 2290 ὅιόκαίοὐσιοπάτοιρ-άρχήοεπ.0.
1170 2219 1195 2270 6.
1214 2215 1262 2283 τὸ]
1317 2237 1327 2249 ·

270 2304 376 2368 nielli),
399 2303 706 2370 rrCFescln‚0rn.Reg.
779 2306 804 2355 6.
816 2308 838 2356 7.
867 2302 1020 2374 προόντως]
1040 2303 1158 2355 οἱοΑΰῙ)
1169 2303 1262 2355 Fesch.

271 2390 323 2463 πρὸ
344 2387 422 2451 ὄντος
440 2392 500 2457 Reg.
592 2394 616 2444 7.
645 2387 1078 2456 5v1sieACDReg.‚wom.Fesch.
1099 2383 1112 2458 ΙΙ
1133 2386 1205 2453 ίστι]
1226 2389 1263 2440 sic

270 2476 342 2529 ACD
356 2458 451 2540 Feselr„
471 2499 521 2530 orn.
540 2478 600 2544 Reg.
620 2493 644 2530 et
661 2477 734 2547 ponit
752 2491 809 2546 post
826 2473 933 2546 νοητῶν.
1019 2477 1130 2528 ill-12·
1162 2474 1261 2527 ἑκατὸν

271 2563 395 2630 -χίίια]
414 2563 440 2614 hi
460 2563 583 2617 librorum
597 2563 797 2616 Hermeticorum
810 2561 909 2614 numeri
921 2561 1021 2613 nonnisi
1032 2563 1081 2613 hoe
1093 2563 1149 2613 loco
1162 2581 1262 2613 merno-

269 2665 363 2702 rantur.
399 2651 559 2720 qundraginta
578 2666 602 2702 et
619 2651 682 2703 duos
700 2649 779 2702 libros
796 2649 952 2702 Hermeticos
970 2649 1041 2700 valde
1052 2647 1202 2700 necessarios
1220 2667 1261 2699 re·

271 2751 352 2788 censet
378 2735 459 2788 Clem.
487 2737 527 2788 Al.
555 2753 641 2789 strom.
661 2739 684 2789 6.
703 2759 728 2806 p.
743 2736 795 2788 269
814 2733 884 2808 sylb]
1029 2734 1069 2787 1⁰.
1097 2734 1197 2786 ἕκατῶν
1228 2737 1260 2785 Α.

272 2823 314 2873 14.
343 2818 503 2892 προτάττει]
522 2820 557 2872 sie
569 2823 640 2874 'Gale
651 2837 713 2884 not,
740 2819 905 2892 προστάττει
922 2821 955 2875 0.
977 2815 989 2891 ΙΙ
1006 2816 1118 2890 Ἡραίῳ]
1141 2819 1190 2870 hoc
1208 2834 1262 2870 tan-

270 2922 324 2958 tum
342 2907 399 2957 loco
417 2920 581 2972 memoratur;
608 2909 626 2959 i.
646 2927 670 2976 q.
695 2908 775 2978 Κνήφ
794 2908 833 2958 vel
852 2905 981 2977 Καμῆφις
1000 2907 1063 2958 Gale
1080 2921 1132 2957 not.
1152 2905 1261 2974 p.301‚·

271 2993 411 3062 „generally
429 2993 554 3061 supposed
574 3007 600 3044 to
618 2994 650 3045 be
668 3014 682 3044 a
700 2991 803 3045 mistnle
820 2995 860 3044 for
878 2995 952 3062 Κνεφ
966 2987 1083 3061 (Neph)“
1102 2992 1261 3044 Willinson

270 3081 307 3133 M.
328 3095 351 3132 et
370 3079 398 3131 C.
423 3080 448 3141 4,
466 3080 518 3130 216
537 3094 588 3131 not.
616 3080 755 3150 ;„Ernphe“
781 3079 888 3148 Champ.
905 3099 1008 3143 gramm.
1032 3078 1135 3144 hierogl.
1160 3079 1261 3148 p.111;

199 3264 264 3341 quill
283 3274 310 3319 et
327 3265 411 3340 prius,
435 3262 496 3318 fons
515 3264 632 3318 omnium
651 3271 678 3316 et
695 3263 771 3318 radix
789 3260 997 3337 intelligibilium
1019 3263 1138 3318 idearum
1161 3264 1261 3339 prima·

199 3371 258 3406 rum
276 3351 382 3405 entium,
432 3350 464 3404 ab
483 3349 536 3404 hoe
554 3359 641 3404 autem
659 3368 712 3403 uno
732 3349 797 3405 deus
816 3369 865 3425 per
883 3369 914 3404 se
932 3348 1069 3405 sufficiens
1089 3350 1196 3424 seipse
1216 3369 1261 3404 ex-

198 3436 301 3514 plicuit,
325 3435 439 3514 proinde
457 3445 499 3491 est
517 3437 574 3490 sui-
590 3445 668 3511 pater
692 3446 719 3490 et
736 3434 954 3491 sibi-sufficiens.
1004 3446 1047 3491 est
1069 3437 1139 3491 enim
1161 3433 1206 3489 hic
1230 3444 1261 3488 et

198 3525 360 3599 principium
378 3522 405 3578 et
423 3522 489 3578 deus
509 3523 627 3589 deorum,
647 3525 734 3577 unitas
748 3543 781 3578 ex
793 3540 855 3589 uno,
874 3520 1111 3599 superessentialis
1128 3530 1155 3576 et
1167 3540 1259 3576 esseu-

199 3610 252 3663 tine
270 3611 445 3685 principium
469 3630 530 3664 nam
553 3609 587 3664 ab
609 3629 642 3664 eo
661 3609 723 3664 fluit
740 3611 838 3663 entitas
862 3619 889 3664 et
911 3611 1042 3676 essentia,
1066 3618 1094 3663 et
1113 3617 1260 3685 prepterea

198 3704 275 3771 peter
293 3698 423 3751 essentiae
440 3705 564 3751 vocatur:
584 3697 644 3772 ipse
662 3698 733 3751 enim
751 3716 799 3751 ens
818 3705 860 3750 est
878 3705 940 3750 ante
956 3716 1016 3763 ene,
1027 3704 1062 3751 et
1079 3713 1169 3749 rernm
1181 3691 1262 3748 intel·

197 3776 340 3856 ligibilium
361 3785 536 3859 principium,
565 3803 648 3858 quere
672 3780 816 3838 nnetnreha
839 3781 946 3838 dicitnr.
992 3782 1058 3837 haee
1085 3782 1167 3856 igitur
1197 3789 1263 3835 eunt

198 3867 333 3944 principia
351 3871 469 3924 omnium
487 3871 686 3945 antiquissima,
711 3888 778 3944 quae
797 3869 909 3924 Hermes
921 3889 1009 3946 usupra
1033 3867 1099 3924 deos
1118 3865 1261 3922 aethereos

199 3963 386 4028 etempyreos
404 3963 431 4006 et
450 3953 579 4011 caelestes
598 3957 748 4024 constituit,
767 3965 794 4011 et
812 3956 846 4011 de
864 3956 978 4011 historia
996 3954 1108 4010 deorum
1119 3973 1263 4030 empyreo·

199 4059 255 4096 rum
274 4037 360 4095 libros
379 4043 530 4114 composuit
549 4051 663 4107 centum,
683 4043 848 4119 totidemque
866 4043 901 4098 de
915 4041 1060 4108 aethereis,
1084 4040 1118 4095 de
1137 4040 1262 4095 caelesti-

199 4123 249 4181 bus
266 4147 332 4182 vero
350 4123 431 4182 mille.
1069 4144 1073 4151 ¹

118 4188 124 4198 .
159 4199 181 4256 3
269 4211 423 4269 Secundum
440 4231 506 4268 vero
530 4209 611 4266 alium
634 4213 757 4270 ordinem
780 4215 859 4272 deum
876 4215 980 4293 Emeplr
1004 4226 1138 4290 tamqnam
1158 4213 1265 4270 ducem
