2776 4876
211 361 264 416 150
1195 353 1262 418 ³³²¹

212 521 435 607 παρεχομένης
457 512 632 597 ἀξιόλογον
653 511 736 600 πρὸς
758 511 818 592 τὴν
841 516 906 578 τῶν
930 514 1033 577 θείων
1055 514 1159 597 ἐργων
1181 508 1266 576 ἀπο-

212 627 387 714 πλήρωσιν.
974 681 977 688 .

155 752 194 811 21
303 736 444 818 Μήποτε
468 729 527 804 οὖν
550 732 568 802 ὃ
591 742 704 823 τρίτον
726 731 941 821 προσέθηκάς
971 738 1059 798 ἐστιν
1081 731 1300 814 dindime-³

185 838 187 843 ’
211 874 280 939 ραν,
310 848 352 926 ὡς
374 845 441 933 ἀρα
463 844 579 933 μικτόν
600 871 632 911 τι
651 848 777 931 γίνεται
798 841 1010 920 ὑποστάσεως
1025 838 1110 922 εἶδος
1125 843 1159 924 ἐξ
1173 843 1268 929 ἡμῶν

212 986 248 1028 τε
272 965 331 1042 τῆς
353 964 462 1048 ψυχῆς
484 962 538 1025 καί
561 957 687 1038 ἐξωθεν
710 959 821 1043 θείοις
839 960 1017 1032 ἐπιπνοίας.
1059 952 1122 1044 ὅρα
1144 951 1185 1036 δη
1207 946 1269 1021 οὖν

212 1069 294 1138 αὐτὸ
318 1063 560 1159 ἀκριβέστερον,
590 1066 637 1155 μή
660 1092 718 1135 ποι
739 1065 900 1152 λάθωμεν
928 1066 1006 1154 παρ’
1027 1066 1130 1133 αὐτοῦ
1156 1091 1267 1154 παρα·
1286 1084 1301 1135 6

211 1185 430 1258 ποδισθέντες
451 1184 507 1246 καὶ
529 1183 589 1261 τῆς
611 1187 646 1246 ἐν
669 1178 758 1263 ariao*
781 1186 984 1270 φαινομένης
1000 1177 1200 1266 εὐπρεπείας.
1238 1184 1268 1243 ιί

212 1289 276 1382 γάρ
299 1291 365 1360 πού
387 1316 419 1357 τι
441 1294 590 1387 ἐκῃδυοῖν
612 1294 647 1357 ἐν
676 1289 883 1370 ἀποτέλοιτο,
912 1290 1063 1374 ὁμοειδὲς·
1084 1291 1184 1356 τοῦτο
1211 1294 1268 1356 καὶ

212 1404 357 1495 ὁμοφυές
379 1407 447 1468 πᾶν
470 1407 538 1469 ἐστὶ
561 1406 617 1468 καὶ
640 1399 834 1488 ὁμοσύσιον·
859 1398 943 1467 οὕτω
965 1396 1007 1466 τά
1030 1413 1175 1487 στοιχεῖα
1190 1411 1303 1470 ooo-9

213 1513 373 1602 ερχόμενα
397 1521 440 1591 είς
462 1509 564 1580 ταύτὸ
588 1520 623 1579 ἐκ
638 1515 769 1580 πολλῶν
785 1518 819 1578 ἐν
835 1536 866 1577 τι
881 1509 1106 1598 ἀπεργάζεται,
1128 1516 1184 1578 καὶ
1201 1529 1268 1600 ψυ-

209 1632 266 1712 χαί
290 1628 436 1702 πλείονες
458 1632 502 1702 είς
524 1621 635 1712 ψυχὴν
656 1627 738 1710 μίαν
761 1619 822 1704 τὴν
838 1619 921 1703 ὅλην
935 1621 1189 1708 συμπήγνυνται.
1228 1622 1269 1690 ori

213 1742 325 1821 μέντοι
339 1730 378 1801 τὸ
394 1738 561 1812 παντελῶς
577 1733 774 1826 ἐξῃρημένον
796 1731 880 1817 πρὸς
902 1731 940 1800 cd
962 1729 1134 1819 ἐκβεβηκὸς
1149 1736 1270 1801 ἑαυτοῦ
1288 1742 1322 1792 12

212 1850 341 1931 γένοιτο
365 1840 407 1910 ἀν
429 1853 508 1910 ποτε
532 1851 575 1924 ἐν,
605 1843 679 1910 οὐδὲ
708 1840 798 1934 ψυχὴ
828 1848 941 1910 τοίνυν
969 1840 1052 1930 μετά
1080 1849 1138 1926 τῆς
1164 1850 1269 1924 θείας

213 1959 383 2033 ἐπιπνοίας
407 1962 441 2022 ἐν
464 1979 496 2020 τι
517 1967 603 2021 ποιεῖ
624 1952 836 2032 ὑποστάσεως
859 1954 952 2031 εἶδος.
992 1961 1019 2021 εί
1041 1952 1105 2043 γάρ
1129 1950 1268 2041 ἀμικτάν

213 2074 282 2133 ἐστι
305 2061 342 2132 τὸ
367 2064 557 2157 θεῖονὶούἀ
577 2065 597 2146 ἡ
620 2063 712 2156 ψυχὴ
733 2062 816 2149 πρὸς
838 2062 920 2132 αάτά
948 2072 1183 2151 συμμίγνυται,
1212 2071 1268 2133 καὶ
1288 2083 1322 2133 15

213 2185 240 2243 εί
264 2174 494 2264 ἀμετάβλητον
515 2173 654 2262 ὑπάρχει
682 2176 741 2243 οὐκ
770 2170 813 2240 ἀν
838 2182 874 2242 ἐκ
901 2181 961 2258 τῆς
989 2175 1197 2265 συγκράσεως
1225 2185 1269 2255 είς

213 2285 251 2355 τὸ
274 2285 386 2356 κοινάν
409 2283 475 2353 ἀπὸ
498 2291 559 2354 τοῦ
581 2288 689 2354 ἁπλοῦ
711 2289 951 2371 μεταβληθείη.

301 2397 475 2488 Πρότερον
497 2402 557 2484 μὲν
580 2390 639 2465 οὖν
661 2393 761 2484 μικρά
786 2395 984 2482 αίθάγματα
1003 2399 1185 2488 ,ἀνεγείρειν
1200 2397 1267 2466 ἐνό·
1287 2414 1322 2464 18

282 2581 308 2630 t.
334 2577 426 2649 μικρόν
445 2578 475 2629 C.
570 2579 647 2629 910.
674 2577 936 2648 συνεχόμεναΔΟΙ).
1036 2583 1079 2633 11.
1106 2585 1268 2650 συμμίγνυτ-

282 2684 328 2716 ται
347 2663 426 2716 ACD.
553 2665 594 2715 14.
622 2660 663 2729 τι]
683 2683 734 2714 τινι
752 2664 786 2714 Ι).
815 2658 827 2732 ΙΙ
858 2673 930 2718 ποιεῖ
947 2684 998 2716 om.
1017 2666 1052 2718 0.
1081 2660 1094 2734 ΙΙ
1124 2665 1162 2732 εἰ]
1187 2662 1219 2718 οὗ
1237 2665 1267 2716 Β.

284 2750 326 2800 16.
353 2746 537 2820 συγκράσεως]
556 2748 591 2799 sic
610 2747 689 2811 Act),
719 2752 879 2819 συγκρίσεως
897 2751 929 2802 0,

213 2941 319 2998 quoque
338 2931 445 2998 oportet
462 2922 496 2978 ab
516 2925 588 2978 omni
607 2921 655 2978 tali
672 2922 830 3001 hypothesi,
855 2945 921 3001 quae
940 2928 1017 3003 quasi
1034 2927 1146 3003 praehet
1163 2947 1270 2982 causam

212 3010 310 3064 iustam
328 3017 421 3063 eontra
440 3007 593 3065 divinornm
612 3027 724 3085 operum
742 3008 927 3087 expletionem.

155 3092 192 3150 21
284 3093 366 3168 Quod
384 3094 513 3151 addidisti
532 3097 612 3150 tertio
629 3092 691 3151 loeo
709 3095 847 3152 videamus
860 3099 884 3153 si
897 3097 965 3154 forte
977 3101 1067 3154 verius
1084 3100 1127 3154 sit.
1163 3099 1271 3153 mistam

213 3181 344 3255 quandam
362 3180 541 3258 hypostaseos
560 3182 676 3258 speeiem
696 3181 783 3258 lingis,
802 3193 968 3240 constantem
988 3205 1022 3242 ex
1040 3189 1125 3241 anima
1138 3193 1229 3239 nostra
1242 3193 1270 3239 et

212 3264 304 3322 divino
323 3266 413 3322 afflatu
426 3270 582 3323 extrinsece.
629 3266 691 3322 vide
703 3277 790 3323 autem
802 3266 855 3324 hoe
867 3271 955 3346 ipsum
968 3270 1131 3346 diligentius,
1150 3291 1184 3326 ne
1200 3268 1270 3325 forte

212 3350 333 3409 fallamur
353 3355 385 3410 ab
404 3375 449 3421 eo,
474 3364 501 3409 et
520 3374 533 3408 a
553 3355 644 3430 specie
662 3372 730 3428 quae
754 3355 832 3409 ineo
857 3365 899 3410 cst
923 3359 1035 3412 rationis
1058 3354 1270 3434 supplantemur.

211 3442 424 3516 quotiescunque
442 3441 513 3495 enim
532 3459 565 3495 ex
583 3439 688 3495 duobus
711 3439 743 3494 fit
760 3459 841 3495 unum
860 3440 977 3516 aliquod,
1002 3452 1086 3498 totum
1103 3440 1170 3496 illud
1188 3443 1271 3498 unius

212 3528 311 3600 speciei
329 3535 439 3581 naturae
457 3534 484 3581 et
502 3528 634 3582 essentiae
652 3527 689 3580 sit
708 3535 831 3601 oportct3
849 3529 889 3582 sic
901 3526 1032 3584 elementa
1049 3546 1082 3585 cx
1093 3525 1184 3583 multis
1198 3545 1271 3582 com·

211 3613 329 3685 positum
346 3631 428 3666 unum
447 3612 594 3668 conficiunt
618 3613 816 3679 convenientia,
841 3622 868 3667 et
892 3616 995 3671 animae
1017 3613 1115 3670 multae
1138 3616 1166 3669 in
1190 3631 1270 3670 unam

212 3696 325 3751 animam
343 3695 504 3754 coalescunt.
554 3700 690 3754 enimvero
710 3697 783 3773 quod
800 3696 879 3775 longe
897 3702 1056 3758 eminentius
1074 3711 1118 3757 est
1134 3716 1270 3775 uunquam

212 3782 378 3858 conspirahit
396 3785 423 3837 in
441 3803 555 3839 nnuma
574 3804 621 3840 sua
645 3783 808 3863 perfectione
830 3784 980 3863 delapsum,
1006 3808 1088 3863 quare
1109 3806 1160 3842 nec
1183 3788 1269 3840 anima

212 3883 272 3923 eum
293 3866 382 3923 divina
394 3870 570 3944 inspiratione
582 3891 660 3926 unam
673 3871 805 3947 quandam
817 3891 932 3946 unquam
943 3872 1103 3949 hypostasin
1115 3874 1268 3929 constituet.

212 3959 235 4008 sl
254 3954 324 4009 cuim
343 3954 518 4010 immiscibilis
538 3966 580 4011 est
597 3956 723 4013 divinitas
743 3967 815 4014 certe
833 3960 857 4012 ei
875 3978 929 4014 non
948 3957 1112 4015 admiscetur
1129 3961 1223 4025 anima,
1242 3967 1270 4012 et

212 4041 235 4095 sl
255 4037 476 4116 impermutabilis
495 4051 538 4096 est
556 4061 620 4097 sane
637 4063 686 4120 per
705 4043 888 4101 confusionem
910 4065 1045 4121 nunquam
1069 4043 1270 4122 simplieitatem

212 4128 286 4181 suam
305 4123 479 4182 commutabit
496 4128 523 4180 in
543 4125 615 4182 aliod
635 4147 774 4185 commune
793 4130 904 4186 duobus.
937 4190 940 4196 ,

281 4210 360 4267 Prius
379 4210 487 4287 quidem
506 4232 520 4266 a
539 4213 676 4270 nonnullis
694 4215 796 4273 dietum
814 4216 907 4284 luerat,
926 4217 1052 4273 scintillis
1070 4219 1171 4292 exiguis
1185 4217 1270 4272 susei-
