2776 4876
204 338 240 391 94
1190 336 1259 400 ΜΟ

206 492 310 563 όντων
337 493 439 576 γενῶν
467 486 637 576 προσήκει·
667 488 739 555 ἀλλ’
761 486 864 566 αὐτάς
892 493 951 573 μὲν
981 495 1012 556 οἱ
1036 492 1114 555 θεοὶ
1143 494 1199 557 καὶ
1228 495 1260 556 οἱ

205 618 274 682 τοῖς
296 608 391 680 θεοῖς
412 598 566 686 ἑπόμενοι
588 596 647 677 τάς
670 595 839 682 ἀληθινάς
866 605 989 666 ἑαυτῶν
1020 598 1157 679 εἰκόνας,
1175 600 1260 668 ἀπο-

204 713 417 792 καλύπτουσι,
448 710 674 803 φαντάσματα
698 714 731 778 δὲ
755 711 862 779 αὐτῶν
885 711 941 779 σία
964 708 1006 778 τά
1035 719 1070 778 ὲν
1097 709 1216 780 ὕδασιν
1239 709 1293 794 ἦε

206 835 240 893 ὲν
255 822 452 914 κατόπτροις
466 827 724 911 μεμηχανημένα
741 822 894 910 οὐδαμῶς
909 828 1146 911 προτείνουσιν.
1170 829 1262 902 τίνος

204 935 269 1027 γάρ
292 932 335 1004 ἀν
358 943 451 1003 ίνεκα
472 935 578 1002 ταῦτα
607 934 816 1017 ὲπιδείξειανς
848 931 989 1023 πότερον
1019 937 1171 1020 ἔνδειγμα
1202 939 1260 1026 φί-

205 1074 308 1138 ροντα
331 1048 390 1130 τῆς
412 1050 537 1114 ἑαυτῶν
561 1045 676 1122 οὐσίας
698 1049 754 1112 καὶ
777 1042 959 1131 δυνάμεως,·
989 1044 1075 1112 ἀλλά
1097 1042 1203 1113 ταῦτά
1224 1062 1294 1131 yso

205 1163 265 1228 τοῦ
286 1155 411 1236 παντός
434 1160 527 1237 ἐνδεῖ,
557 1154 685 1237 πλάνης
705 1153 770 1243 γάρ
793 1160 849 1223 καὶ
872 1154 1002 1238 ἀπάτης
1024 1157 1113 1223 αίτια
1135 1161 1262 1242 γίνεται

207 1281 276 1350 τοῖς
297 1266 493 1347 πιστεύουσι,
515 1273 571 1335 καὶ
586 1264 653 1334 ἀπό
669 1270 728 1349 τῆς
743 1267 911 1348 ἀληθινῆς
925 1267 1073 1353 γνώσεως
1088 1273 1153 1335 τῶν
1168 1271 1261 1337 θεῶν,

206 1382 344 1466 ἀποσπᾷ
366 1375 442 1458 τούς
464 1383 686 1468 θεωροῦντας.
732 1377 805 1444 ἀλλ’
824 1384 881 1445 ίνα
911 1405 942 1446 τι
959 1377 1123 1466 χρήσιμον
1150 1377 1293 1468 tropei-9

207 1515 266 1585 σχη
289 1503 359 1570 τοῖς
382 1488 613 1559 ὲποπτεόουσιν
636 1487 737 1556 αὐτά·
759 1493 816 1556 καὶ
838 1495 870 1556 τί
892 1485 934 1556 ἀν
948 1515 1028 1557 ποτε
1043 1495 1169 1576 γένοιτο
1192 1488 1260 1560 ἀπό,

207 1607 267 1671 τοῦ
288 1599 432 1694 φεόδους
461 1602 645 1693 cimelium»,-
676 1600 748 1667 ἀλλ’
769 1607 795 1667 εί
818 1596 864 1686 μὴ
888 1606 985 1669 τοῦτο
1009 1599 1108 1694 φύσιν
1136 1607 1201 1689 ίχει
1223 1600 1261 1668 τό

207 1719 314 1796 θεῖον,
337 1712 518 1806 φάντασμα
541 1716 723 1800 προτείνειν
745 1711 806 1802 ἀφ’
827 1716 963 1797 ίαντοῦς
985 1717 1041 1781 καὶ
1063 1708 1208 1783 πότεάν
1222 1701 1260 1780 τό
1280 1718 1312 1768 12

207 1825 350 1913 μόνιμον
371 1828 428 1891 καὶ
450 1827 624 1914 ἱδρυμένον
647 1831 682 1891 ἐν
704 1827 810 1908 ἐαυτῷ
831 1829 925 1908 γένος
946 1828 1003 1892 καὶ
1017 1821 1056 1892 τό
1074 1828 1130 1906 τῆς
1146 1824 1261 1903 οὐσίας

205 1942 261 2006 καὶ
283 1938 449 2019 ἀληθείας
478 1937 583 2003 αίτιον
612 1943 657 2013 είς
678 1934 859 2022 ἀλλοτρίαν
882 1938 980 2024 ἕδραν
1001 1941 1132 2021 μίμημα
1161 1931 1204 2002 ἀν
1230 1961 1262 2002 τι

206 2048 267 2140 ἀφ’
286 2053 406 2115 ἑαυτοῦ
427 2043 600 2128 ἀπατηλόν
623 2043 844 2131 ίμποιήσειεν,Ι
1281 2057 1312 2107 15

158 2135 185 2217 l
299 2160 458 2245 Οὐδαμῶς
480 2154 548 2246 ἀρα
579 2156 661 2234 θεός
687 2154 760 2225 οὐτε
789 2155 888 2237 αὐτὸς
916 2156 1035 2226 ἑαυτόν
1062 2158 1262 2244 μεταβάλλει

208 2278 252 2349 είς
279 2265 322 2336 τά
350 2266 591 2362 φαντάσματα,
621 2267 694 2335 οὐτε
718 2268 785 2361 ’ἀφ’
804 2274 924 2338 ἑαυτοῦ
952 2276 1058 2338 ταῦτα
1085 2279 1120 2337 ἐν
1149 2267 1262 2350 ἀλλοις

206 2377 440 2472 προτείνει,τά
462 2384 496 2447 δὲ
519 2379 636 2461 ἀληθῆ
659 2387 694 2447 ὲν
716 2390 786 2458 τοῖς
808 2379 972 2462 ἀληθέσιν
994 2378 1097 2464 ἤθεσι
1116 2385 1182 2448 τῶν
1195 2399 1262 2470 ψυ-
1281 2385 1313 2436 18

202 2495 272 2580 χῶν
294 2489 463 2578 ὲλλάμπει·
493 2486 578 2559 κατά
601 2487 642 2558 τά
666 2489 751 2559 αὐτά
774 2494 808 2558 δὲ
830 2495 887 2558 καὶ
909 2499 941 2560 οἱ
963 2497 1028 2560 τῶν
1049 2494 1142 2559 θεῶν
1165 2516 1262 2560 συνο-

206 2607 308 2671 παδοὶ
330 2605 470 2685 ζηλωταὶ
492 2606 552 2684 τῆς
566 2605 632 2669 τῶν
648 2607 739 2670 θεῶν
755 2607 836 2670 είσὶν
851 2602 1049 2685 αὐτοπτικῆς
1063 2602 1238 2684 ἀληθείας.

276 2751 301 2802 2.
312 2750 336 2802 3.
355 2743 587 2801 ἀποκαλύπτουσα
606 2747 660 2798 CD.
733 2752 758 2800 ὅ.
782 2745 815 2801 ἀν
834 2751 878 2800 καὶ
896 2750 970 2801 ἕνεκα
989 2747 1067 2802 ACD.
1102 2781 1108 2790 ι
1142 2751 1165 2802 9.
1191 2743 1261 2825 ἀπο·

278 2832 350 2902 σπᾷν
367 2833 447 2896 ABG,
470 2829 648 2887 circundari).
723 2835 765 2887 12.
793 2831 975 2903 φαντάσματα
995 2835 1074 2886 ael).

208 3014 276 3071 quae
298 3014 378 3050 verae
399 3004 461 3050 sunt
485 3004 612 3070 certoque
634 2997 759 3052 existunt.
809 2995 847 3052 dii
871 2998 941 3052 enim
963 2995 1126 3070 deorumque
1148 2996 1261 3050 comites

208 3080 352 3137 ostendunt
371 3081 521 3157 ipsissimas
539 3083 582 3136 sui
599 3083 736 3157 imagines,
759 3081 943 3160 phantasmata
961 3101 1025 3138 vero
1049 3079 1137 3156 qualia
1155 3082 1184 3136 in
1202 3099 1262 3157 spe·

207 3167 274 3224 culis
302 3177 347 3223 ant
371 3187 438 3244 aqua
465 3167 533 3222 liunt
557 3187 723 3244 nequaquam
745 3168 891 3246 proferunt.
941 3189 988 3226 cur
1015 3170 1085 3224 enim
1107 3165 1261 3221 huiusmodi

207 3255 394 3311 ostenderent?
435 3253 564 3329 numquid
581 3263 612 3309 ut
634 3257 767 3311 essentiae
788 3244 957 3333 pote'ntiaeve
980 3275 1044 3311 suae
1067 3251 1182 3309 indicia?
1224 3260 1262 3307 at-

207 3362 259 3418 que
277 3341 342 3397 haee
359 3360 471 3418 prorsus
490 3338 618 3396 deliciunt
636 3362 669 3398 ex
686 3351 742 3397 tota
761 3352 866 3410 natura,
889 3344 918 3397 in
936 3361 1053 3398 errorem
1071 3341 1142 3414 enim
1166 3346 1193 3392 et
1217 3336 1262 3392 de·

207 3429 357 3505 ceptionem
375 3425 515 3482 eredentes
532 3425 674 3494 inducunt,
697 3427 962 3505 contemplantesque
980 3424 1138 3484 abstrahunt
1159 3445 1174 3478 a
1198 3441 1262 3479 vera

206 3513 316 3570 deorum
334 3514 494 3589 cognitione
540 3510 609 3567 forte
626 3522 657 3568 ut
668 3513 736 3569 utile
749 3513 851 3590 aliquid
863 3535 892 3570 se
905 3515 1090 3591 spectantibus
1101 3509 1261 3589 praebeanta

208 3598 273 3673 qnid
291 3608 377 3654 autem
394 3596 518 3654 utilitatis
537 3600 640 3675 sperari
657 3601 745 3676 possit
763 3620 778 3655 e
797 3600 953 3656 mendacio?
994 3599 1088 3656 sedan
1099 3599 1202 3654 nonita
1217 3616 1261 3650 na·

207 3692 266 3738 tura
285 3693 433 3760 comparata
452 3694 494 3739 est
506 3683 640 3749 divinitas,
658 3694 687 3740 ut
699 3705 732 3740 ex
745 3705 774 3741 se
786 3685 888 3741 idolum
900 3687 1004 3742 mittat?
1048 3683 1184 3761 quomodo
1196 3700 1261 3739 vero

208 3768 323 3822 essentia
340 3768 415 3824 firma
434 3770 462 3824 in
480 3790 510 3826 se
528 3772 586 3847 ipsa
606 3772 757 3827 consistens
775 3781 803 3827 et
819 3772 934 3849 proinde
952 3772 1012 3828 aliis
1031 3772 1163 3828 essentiae
1179 3777 1207 3823 et
1217 3787 1262 3823 ve·

206 3854 294 3909 ritatis
313 3873 405 3921 causa,
431 3857 459 3910 in
477 3855 550 3912 aliud
567 3859 655 3913 mittat
673 3858 808 3913 imitamen
827 3861 869 3914 sui
887 3857 972 3913 ullum
990 3856 1069 3914 fallax
1091 3865 1119 3912 et
1137 3855 1262 3930 decepto·

207 3938 293 3994 rium?

277 4022 371 4098 Neque
389 4026 469 4099 igitur
487 4026 553 4082 dens
570 4030 630 4105 ipse
648 4049 678 4084 se
696 4031 723 4091 in
741 4028 924 4105 phantasmata
946 4028 1130 4096 transformat,
1155 4047 1206 4083 nec
1229 4047 1263 4084 ex

208 4130 237 4167 se
256 4112 316 4187 ipso
336 4111 363 4164 in
382 4108 443 4165 aliis
461 4110 643 4188 phantasmata
660 4115 794 4192 producit,
813 4115 863 4172 sed
880 4136 958 4173 veras
976 4119 1019 4172 sui
1037 4114 1136 4188 formas
1148 4115 1177 4169 in
1189 4115 1262 4169 veris

208 4197 351 4252 animarum
368 4195 488 4252 moribus
506 4195 623 4254 illustrat
641 4209 668 4255 et
680 4200 853 4269 demonstrat,
871 4200 1093 4278 quemadmodum
1109 4210 1137 4256 et
1149 4199 1261 4274 deorum

208 4282 321 4336 comites
338 4282 432 4340 aemuli
452 4302 559 4360 quoque
578 4293 641 4339 sunt
657 4287 735 4342 istius
747 4290 869 4345 veritatis
883 4308 950 4364 quae
962 4289 990 4343 in
1002 4287 1056 4344 diis
1068 4287 1242 4363 conspicitur.
