2776 4876
217 379 268 434 Its
1199 371 1272 438 &2¹1

217 534 239 616 ῆ
262 533 383 615 ελδησις
404 540 610 618 προηγεῖται,
638 534 695 598 καὶ
717 527 785 597 άπὸ
807 532 872 596 τῶν
895 531 1010 594 αλτέων
1039 525 1277 613 ἀμετάπτωτος

217 645 239 726 ῆ
262 648 425 723 πέστωσις,
453 647 678 731 σννηρτημένη
700 666 736 709 τε
758 639 892 708 πάντων
914 636 997 729 πρὸς
1019 636 1154 707 ἅπαντα
1178 636 1277 704 άδιά-

218 761 313 833 λυτος
340 752 542 842 κατάληψις,
570 757 626 820 καὶ
655 751 809 832 ὡσαύτως
837 752 888 818 ἀεὶ
917 757 1064 838 μένουσα
1093 755 1159 818 τῶν
1187 747 1312 820 ὅλων3

217 865 324 954 ῶσπερ
347 865 522 954 παρόντων
544 869 600 932 καὶ
622 864 810 953 ὡρισμένων
833 861 1016 949 διάγνωσις.

160 983 200 1043 27
311 977 358 1045 (λά
381 973 422 1057 δῆ
445 982 543 1044 τοῦτο
566 980 670 1060 λέγειν
694 979 750 1057 δεῖ,
774 975 817 1054 ῶς
838 978 895 1042 καὶ
917 972 1015 1065 φύσις
1037 977 1092 1041 καὶ
1107 978 1203 1058 τέχνη
1219 976 1277 1038 καὶ

217 1089 238 1171 ῆ
262 1087 458 1175 συμπάθεια
480 1093 546 1155 τῶν
568 1087 612 1165 ῶς
634 1095 669 1153 έν
691 1091 741 1154 avt
762 1084 832 1172 ζῶῳ
853 1088 900 1172 τῷ
922 1089 1022 1153 παντὶ
1054 1087 1162 1173 μερῶν
1190 1107 1312 1171 προ-ο

217 1196 374 1281 δηλώσεις
396 1203 459 1286 ἔχει
488 1205 586 1267 τινῶν
613 1195 698 1286 πρὸς
727 1194 864 1279 άλληλα,
894 1197 964 1265 οὐδ’
984 1194 1036 1264 ὅτι
1062 1192 1104 1262 τά
1135 1194 1275 1282 σώματα

217 1308 302 1379 οὕτω
325 1309 581 1378 κατεσκεύασται
603 1311 647 1389 ῶς
669 1309 751 1377 εἶναι
774 1315 1012 1396 προσημασίαν
1034 1307 1102 1375 ἀπὸ
1125 1312 1191 1374 τῶν
1206 1312 1276 1374 ἐτέ-

217 1447 285 1512 ρων
308 1429 352 1500 ελς
373 1418 416 1488 τὰ
439 1429 540 1509 έτερα.
586 1425 641 1488 καὶ
657 1419 745 1489 πάνυ
758 1417 823 1508 γάρ
837 1426 944 1489 ταῦτα
958 1424 1102 1509 ἐναργῶς
1122 1417 1312 1506 ὁρώμενον

218 1538 277 1614 τῆς
302 1536 402 1609 θείας
423 1537 584 1619 μαντικῆς
606 1533 697 1617 έχνος
719 1557 750 1598 τι
772 1528 815 1598 τά
837 1536 897 1618 μὲν
918 1536 1047 1618 μᾶλλον
1067 1527 1109 1598 τά
1124 1533 1159 1598 δέ
1173 1522 1276 1612 ἧττον

217 1641 470 1730 παρεσπάσατο·
495 1644 569 1711 οὐδὲ
592 1640 656 1729 γάρ
679 1640 822 1710 δυνατὸν
841 1641 967 1733 άμοιρα
982 1642 1084 1723 αὐτῆς
1100 1640 1184 1709 εἶναέ
1198 1665 1275 1709 τινα

216 1757 398 1832 παντελῶς·
422 1753 495 1820 ἀλλ’
514 1751 622 1841 ῶσπερ
645 1760 681 1821 έν
702 1758 805 1822 πᾶσιν
827 1753 920 1822 ελκῶν
940 1749 1172 1839 τάγαθοῦτὸν
1186 1749 1276 1820 θεῶν
1295 1765 1328 1818 12

217 1871 403 1956 ἐμφέρεται,
424 1862 509 1931 οὕτω
531 1868 588 1932 καὶ
609 1869 669 1947 τῆς
691 1868 791 1944 θεέας
812 1868 971 1952 μαντικῆς
985 1862 1120 1931 εἴδωλόν
1141 1890 1173 1931 τι
1188 1863 1274 1951 tuv-

217 1971 297 2062 δρὸν
320 1972 341 2057 ῆ
363 1979 419 2042 καὶ
442 1981 676 2065 ἐναργέστερον
699 1983 734 2043 έν
763 1975 876 2054 αὐτοῖς
897 1980 1147 2066 καταφαίνεται.
1194 1973 1297 2048 ἀλλ’,

217 2081 312 2152 οὐδέν
340 2084 465 2152 τούτων
495 2090 584 2154 ἐστὶν
608 2086 682 2154 οἷον
708 2083 746 2155 τὸ
775 2091 875 2154 θεῖον
902 2092 962 2168 τῆς
990 2091 1150 2172 μαντικῆς
1178 2084 1274 2165 εἶδος,
1294 2105 1326 2155 15

216 2195 285 2262 οὐδ’
304 2192 371 2263 άπὸ
392 2201 456 2263 τῶν
474 2199 606 2264 πολλῶν
624 2202 690 2266 τῶν
706 2205 751 2277 εὶς
764 2196 826 2279 τῆν
840 2203 966 2280 γένεσιν
985 2197 1042 2264 ἀπ’
1060 2197 1163 2278 αὐτῆς
1181 2201 1275 2264 καθ-

214 2305 364 2388 ηκόντων
386 2305 635 2399 φαντασμάτων
658 2307 696 2375 τὸ
718 2312 754 2376 έν
776 2307 879 2389 αὐτῆς
900 2313 956 2375 καὶ
978 2312 1076 2376 θεῖον
1100 2313 1154 2375 καὶ
1176 2305 1273 2394 άμι-κ-

286 2511 312 2561 2.
343 2514 518 2580 σννηρτεμένη
546 2512 579 2561 Α.
609 2505 621 2578 ΙΙ
651 2530 680 2563 τε
698 2531 750 2562 om.
769 2510 802 2563 0.
946 2513 970 2563 2.
984 2512 1009 2563 3.
1039 2506 1188 2570 άδισιλάτως
1215 2511 1272 2563 CD.

286 2596 311 2647 1.
342 2593 482 2662 διάγνωσιν
500 2595 532 2647 D.
654 2598 679 2648 5.
707 2598 789 2649 τοῦτο
809 2595 959 2665 ilyata1sic
979 2599 1008 2659 Α,
1036 2598 1115 2664 λέγειν
1135 2595 1218 2649 τοῦτο
1237 2597 1272 2649 0.

286 2682 310 2732 θ.
341 2683 366 2732 ἐν
384 2699 435 2731 om.
455 2679 484 2732 C.
509 2675 521 2749 ΙΙ
545 2677 614 2744 ζῶον
632 2681 690 2734 BD.
763 2683 805 2735 12.
833 2678 860 2735 τ’
875 2677 1002 2749 ἀμαθοῦς
1021 2682 1053 2734 0.
1128 2684 1170 2735 14.
1198 2687 1272 2753 ἐναρ-

285 2762 424 2835 γέστερον]
443 2765 478 2816 sic
498 2765 577 2828 nel),
603 2771 782 2838 ἐνεργέστερον
802 2769 834 2821 0.
926 2770 967 2820 17.
997 2770 1145 2838 φασμάτων
1164 2767 1193 2820 C.

215 2959 287 3006 certe
306 2947 464 3025 stabilisque
482 2952 561 3018 visio,
580 2950 703 3028 [ideoque
721 2952 848 3009 vacillare
866 2957 990 3011 nesciens
1009 2975 1070 3010 cum
1081 2957 1169 3011 causis
1182 2974 1272 3010 rerum

214 3056 343 3103 connexa,
362 3037 533 3111 omniumque
551 3057 611 3092 cum
629 3039 752 3095 omnibus
770 3038 967 3096 indissolubilis
986 3039 1131 3117 colligatio,
1150 3061 1272 3099 necnon

212 3125 397 3179 universamm
413 3131 547 3198 tamquam
565 3125 744 3199 praesentium
763 3135 790 3180 et
808 3125 977 3182 definitarum
994 3146 1083 3183 rerum
1096 3127 1190 3183 eodem
1203 3147 1275 3184 scm-

214 3229 263 3286 per
280 3218 374 3265 tenore
391 3209 540 3284 persistens
559 3208 771 3286 comprehensio.

156 3296 196 3356 27
285 3293 342 3350 Sed
359 3314 408 3350 neo
427 3292 495 3349 illud
512 3292 603 3350 dicere
627 3305 747 3372 oportet,
769 3296 844 3374 quod
866 3298 1031 3374 quorundum
1054 3318 1142 3354 rerum
1165 3309 1272 3356 mutuas

213 3378 488 3458 praesignificationes
507 3377 630 3436 exhibeat
647 3392 741 3438 natura
761 3393 788 3438 et
805 3403 848 3439 ars
862 3393 888 3438 et
901 3384 1052 3462 sympathia
1065 3404 1132 3460 quae
1144 3394 1187 3440 cst
1199 3387 1272 3441 iuter

212 3477 303 3544 partes
321 3467 440 3522 universi
462 3475 596 3542 tamquam
619 3477 711 3523 essent
733 3470 812 3524 unius
837 3468 973 3538 animalis,
996 3491 1083 3548 neque
1104 3469 1173 3526 illud
1197 3470 1271 3546 quod

212 3555 301 3607 omnia
319 3568 433 3629 corpora
451 3553 491 3608 sic
510 3555 565 3608 sint
583 3552 715 3630 disposita
737 3563 768 3611 ut
789 3555 822 3611 ab
845 3553 905 3611 aliis
929 3555 964 3612 ad
986 3555 1038 3613 alia
1061 3557 1190 3614 indicium
1209 3558 1272 3613 snb-

212 3637 387 3727 ministretur.
432 3655 494 3693 nam
511 3658 604 3695 revera
621 3638 688 3696 hacc
707 3640 846 3698 manifeste
865 3653 1009 3720 conspecta
1021 3643 1129 3700 divinae
1140 3644 1270 3700 mautices

211 3723 353 3796 vestigium
371 3722 481 3798 aliquod
498 3744 568 3781 nunc
590 3729 673 3803 magis
697 3746 768 3784 nunc
791 3730 878 3784 minus
901 3733 1066 3807 exprimuut3
1086 3749 1176 3807 neque
1198 3731 1270 3787 enim

212 3803 314 3882 nliquid
332 3816 374 3862 est
393 3809 464 3884 quod
480 3828 594 3887 prorsus
611 3815 732 3870 vaticinii
750 3814 835 3870 divini
853 3834 949 3892 expers
968 3818 1016 3872 sit:
1036 3815 1085 3872 sed
1099 3815 1269 3893 quemadmo-

212 3890 276 3948 dum
293 3891 322 3946 in
338 3893 461 3950 omnibus
479 3895 543 3952 boni
561 3899 647 3976 imago
667 3899 746 3956 deum
763 3900 854 3968 refert,
873 3903 913 3958 sic
933 3911 959 3958 et
976 3902 1084 3959 divinae
1096 3903 1226 3958 mantices
1239 3902 1268 3956 in

213 3976 336 4033 omuibus
354 3975 457 4034 relucet
475 3982 645 4042 simulacrum
662 4005 733 4044 nuno
751 3988 891 4044 obscurius
909 4007 979 4044 nunc
991 3982 1098 4044 clarius.
1144 3985 1214 4046 nihil,
1228 3997 1269 4043 ta·

210 4082 273 4120 meu
291 4083 325 4121 ex
342 4061 385 4119 his
403 4061 456 4118 tale
474 4074 517 4120 est
533 4069 611 4143 quale
629 4070 719 4128 diviua
736 4075 856 4131 vaticinii
870 4076 986 4151 species,
1004 4093 1092 4150 neque
1105 4083 1213 4152 oportet
1223 4072 1269 4130 de·

212 4151 330 4207 scribere
349 4151 406 4207 eius
425 4149 629 4212 uniformitatem
648 4156 813 4215 divinitatem
831 4159 981 4237 simplicem
999 4163 1129 4217 rationem
1140 4180 1190 4237 per
1201 4158 1269 4215 mul·

211 4233 314 4310 tiplicia
332 4235 473 4294 simulacra
491 4251 559 4314 quae
576 4239 609 4297 ab
627 4260 658 4297 ea
676 4244 704 4298 in
722 4247 833 4319 genesin
843 4245 965 4314 derivata
976 4245 1061 4312 iuere3
1080 4245 1267 4303 multominus
