2776 4876
210 315 266 381 &8
1215 328 1266 380 aas

305 474 346 538 ut
370 463 449 556 αὖος
474 470 548 540 οἶόν
570 480 605 540 τέ
620 480 688 539 ἐστι
703 470 758 540 ὃιά
775 477 840 541 τῶν
854 473 1060 544 πολενόντοιν
1075 481 1166 546 θεῶν
1182 480 1268 547 λύειν
1286 497 1305 555 8

211 578 338 662 ἐαυτόν,
360 586 417 650 καὶ
438 580 516 662 τοάς
539 580 660 663 αὐτοὺς
674 583 836 671 ἡγεῖσθαι
850 592 1049 673 μοιρηγέτας
1062 592 1118 655 καὶ
1134 591 1268 676 δεσμοῖς

175 703 191 754 ³
210 690 343 772 cilcitore
363 687 443 773 τοὺς
463 697 559 780 βίους
581 694 817 784 δεσμεύονταςς
845 696 960 766 κωλύει
987 701 1047 782 μὲν
1068 699 1146 777 ἴσως
1173 700 1268 787 οὐδὲν

210 808 268 871 καὶ
289 808 397 886 τοῦτο,
428 813 455 872 εὶ
477 809 543 873 τῶν
564 811 656 874 θεῶν
677 805 804 888 πολλάς
825 807 1040 895 περιεχόντων
1066 809 1183 889 οὐσίας
1211 816 1268 880 καὶ

210 915 366 1002 δυνάμεις
394 923 431 983 ἐν
459 922 605 997 ἐαυτοῖς,
633 917 872 1008 ἐνυπάρχουσιν
901 928 936 987 ἐν
964 921 1077 999 αὐτοῖς
1104 918 1204 988 ἀλλαι
1233 949 1267 990 τε

175 1025 379 1114 εάμήχανοι
400 1026 479 1097 ὅσαι
501 1034 663 1121 διαφοραὶ
684 1037 741 1098 καὶ
771 1030 984 1112 ἐναντιώσεις.
1031 1032 1071 1099 οὐ
1091 1028 1158 1120 μὴν
1181 1029 1267 1100 ἀλλά

210 1142 268 1205 καὶ
289 1142 388 1209 τοῦτο
412 1143 518 1212 ἐνεστι
538 1143 649 1226 λέγειν,
673 1141 716 1221 ὡς
739 1150 775 1211 ἐν
795 1141 922 1229 ἑκάστῳ
944 1149 1008 1210 τῶν
1024 1148 1187 1211 ἐλεεῖνκαὶ
1203 1150 1268 1212 τῶν

211 1253 370 1341 ἐμφανῶν
393 1257 454 1319 slot
477 1278 562 1331 τινες
585 1251 702 1330 οὐσίας
723 1259 841 1336 νοηταὶ
864 1252 977 1342 ἀρχαί,
1007 1254 1048 1321 δι’
1068 1249 1114 1323 ὧν
1142 1263 1267 1341 γίνεται

176 1360 232 1442 εὴ
256 1359 323 1426 ἀπό
346 1365 406 1442 τῆς
427 1370 580 1449 γενέσεως
602 1368 667 1431 τῶν
690 1362 823 1450 κόσμων
844 1377 918 1444 ταῖς
939 1377 1062 1454 ψυχαῖς
1077 1365 1266 1454 ἀπαλλαγή.

212 1479 240 1539 at
261 1471 292 1539 δ’
309 1469 377 1561 ἀρα
399 1498 449 1553 τις
470 1480 527 1541 καὶ
551 1472 609 1542 δύο
632 1481 710 1560 μένη
732 1481 951 1565 περικοσμίων
974 1502 1007 1543 τε
1029 1483 1086 1545 καὶ
1106 1478 1266 1567 ὑπερκοσ-

210 1588 295 1670 με’ων
319 1589 410 1652 θεῶν
432 1585 614 1666 ἀπολεῖπον,
644 1583 700 1653 διά
730 1592 793 1654 τῶν
818 1586 1046 1676 ὑπερνοσμίων
1073 1595 1167 1658 ἐσται
1194 1604 1268 1670 ταῖς

157 1703 193 1755 12
211 1677 333 1782 ψυχαῖς
355 1694 530 1775 ἀπόλυσις·
553 1701 658 1765 ταῦτα
680 1702 741 1782 μὲν
763 1692 823 1765 οὖν
845 1705 880 1764 ἐν
896 1711 965 1775 τοῖς
979 1703 1053 1787 περὶ
1070 1704 1160 1767 θεῶν
1175 1701 1266 1790 ἀκρι-

211 1808 371 1897 βέστερον
392 1812 528 1894 λέγεται,
552 1816 635 1889 τίνες
657 1817 691 1878 τέ
714 1818 795 1878 εἰσιν
812 1810 980 1896 ἀναμωμοὶ
996 1815 1051 1878 καὶ
1066 1810 1151 1878 κατὰ
1167 1817 1267 1894 ποίας

212 1917 320 1986 αὐτῶν
343 1918 505 2008 δυνάμεις,
535 1924 604 1999 πῶς
626 1947 659 1988 τε
684 1917 744 2004 τὴν
774 1926 974 2008 εἱμαρμένην
996 1919 1111 1990 λόουσι
1132 1928 1188 2004 καὶ
1211 1921 1267 1992 διὰ

158 2035 192 2085 15
211 2032 308 2095 τίνων
337 2035 507 2117 ῖερατικῶν
536 2031 680 2114 ἀνόδων,
708 2031 800 2113 τάξις
827 2057 861 2099 τε
892 2033 993 2099 ὁποία
1022 2038 1082 2113 τῆς
1110 2038 1267 2120 κοσμικῆς

211 2144 280 2207 ἐστι
303 2137 439 2229 φόσεοις,
462 2146 519 2207 καὶ
542 2139 629 2221 ὅπως
650 2143 672 2224 ἡ
695 2141 796 2232 νοερά
818 2142 941 2224 ταύτης
962 2151 1128 2232 ἐπικρατεῖ
1150 2149 1267 2213 τελειο-

211 2250 294 2335 τάτη
317 2259 477 2341 ἐνέργεια·
501 2250 583 2321 ὥστε
606 2253 677 2322 οὐδ’
697 2251 777 2342 ὅπερ
793 2259 907 2321 ἐκτῶν
928 2253 1109 2341 Ὁμηρικῶν
1125 2253 1167 2324 σύ
1180 2281 1265 2344 παρ-

159 2373 193 2425 18
214 2368 351 2446 έθηκας,
373 2361 411 2431 τὸ
436 2359 614 2451 στρεπτοάς
636 2362 812 2444 εἶναιτοὺς
826 2366 939 2445 θεούς,
962 2361 1056 2433 ὅσιόν
1072 2372 1141 2432 ἐστι
1155 2370 1266 2457 φθέγ-

281 2552 305 2603 7.
332 2554 358 2602 ἐν
376 2570 428 2602 om.
448 2549 476 2601 C.
606 2553 631 2605 9.
658 2550 674 2619 ἡ
695 2572 744 2603 om.
764 2550 798 2603 0.
819 2545 831 2618 ΙΙ
852 2544 1009 2619 ἀπαλλαγή]
1028 2549 1046 2618 ἡ
1066 2546 1194 2610 ἀπόλυσις
1212 2549 1265 2602 AC.

281 2638 323 2688 11.
352 2633 423 2702 πῶς]
442 2637 495 2696 πᾶς
512 2637 546 2688 Β.
647 2640 689 2690 15.
716 2631 802 2690 ἀνόιιν
822 2639 853 2687 Α.
963 2638 1004 2690 18.
1032 2637 1182 2708 στρεπτοὺς
1199 2627 1268 2689 εἶναι

281 2721 345 2780 τοὺς
363 2719 460 2788 θεοὺς]
480 2725 607 2795 στρεπτοὶ
625 2724 655 2776 δέ
670 2743 698 2775 τε
718 2725 763 2775 καὶ
781 2724 844 2775 θεοὶ
862 2717 950 2784 caritot,
968 2723 1044 2775 Hom.
1063 2723 1097 2775 Jl
1117 2723 1143 2787 9,
1161 2725 1221 2778 497.

284 2888 358 2962 Quid
376 2891 473 2965 igitur?
500 2889 629 2966 numquid
646 2901 737 2968 potest
756 2892 816 2966 quis
835 2910 865 2946 se
877 2893 965 2968 ipsum
984 2911 998 2944 a
1017 2889 1071 2946 lato
1083 2889 1197 2947 liberare
1215 2911 1265 2968 ope
1283 2895 1303 2954 8

211 2974 323 3032 deorum
345 2976 623 3044 circumcurrentium,
649 2986 729 3052 atque
755 2975 865 3033 eosdem
888 2976 935 3033 lati
962 2986 1086 3033 auctores
1114 2979 1266 3035 existimare

211 3062 311 3138 quique
329 3063 399 3119 vitas
417 3073 523 3120 nostras
541 3061 657 3120 vinculis
673 3060 864 3121 insolubilibus
883 3063 1083 3138 constringant?
1110 3061 1180 3119 forte
1198 3061 1266 3118 nihil

210 3147 339 3224 prohibet
356 3151 393 3204 ita
411 3168 468 3206 rem
485 3169 554 3216 esse,
577 3169 639 3205 nam
657 3169 717 3205 oum
735 3147 850 3204 habeant
868 3146 906 3204 dii
924 3151 952 3204 in
971 3169 1000 3205 se
1019 3146 1116 3204 multas
1135 3149 1265 3204 essentias

211 3244 239 3288 et
255 3238 400 3311 potentias,
418 3238 515 3294 mirum
531 3238 560 3292 ni
578 3245 606 3292 et
623 3233 744 3291 infinitae
755 3234 923 3291 differentiae
935 3236 962 3289 in
975 3236 1009 3289 iis
1023 3243 1050 3289 et
1062 3234 1265 3299 contrarietates

211 3323 387 3398 reperiantur.
434 3325 488 3380 iam
509 3341 574 3379 vero
597 3330 625 3377 et
642 3319 695 3376 hoc
713 3317 779 3377 licet
796 3319 899 3386 dicere,
922 3321 951 3375 in
968 3339 1131 3396 unoquoque
1154 3317 1266 3392 deorum

212 3408 291 3464 etiam
309 3411 494 3486 apparentium
512 3411 602 3464 inesse
619 3404 798 3482 intelligibilia
814 3407 957 3484 principia,
977 3425 1026 3482 per
1043 3425 1112 3481 quae
1129 3404 1265 3460 animabus

209 3513 226 3546 a
243 3492 402 3552 mundorum
419 3495 511 3569 genesi
528 3491 587 3568 fuga
600 3491 757 3551 ostendatur
768 3503 797 3549 et
807 3492 939 3551 liberatio.
986 3493 1012 3547 si
1024 3493 1085 3567 quis
1096 3500 1185 3547 autem
1197 3488 1265 3555 duos

209 3586 314 3632 tantum
331 3577 440 3634 deorum
458 3577 567 3635 ordines
585 3576 725 3654 relinquat,
744 3579 892 3636 mundanos
910 3577 1015 3635 scilieet
1033 3586 1059 3633 et
1078 3575 1266 3653 supermunda-

210 3683 270 3730 nos,
288 3682 337 3739 per
353 3661 405 3718 hos
422 3682 487 3720 sane
505 3665 607 3721 animae
624 3662 734 3722 liberari
745 3673 872 3743 possunt:
891 3674 918 3719 et
929 3662 995 3720 haec
1007 3664 1096 3718 omnia
1109 3663 1137 3717 in
1149 3671 1264 3719 tractatu

210 3747 245 3806 de
263 3747 316 3804 diis
334 3749 483 3805 accuratius
502 3747 681 3825 disputantur,
700 3761 757 3808 tum
774 3752 882 3828 quinam
900 3748 938 3804 dii
950 3747 985 3804 ad
996 3767 1110 3825 superos
1121 3749 1265 3825 praecipue

210 3834 293 3891 duces
312 3844 375 3891 sunt
394 3843 421 3889 et
438 3833 585 3889 secundum
603 3836 696 3912 quales
714 3856 775 3893 suas
793 3836 936 3913 potentias,
960 3833 1094 3910 quomodo
1112 3833 1194 3893 latum
1212 3832 1265 3891 sol·

209 3931 277 3976 vnnt
295 3931 322 3977 et
339 3942 388 3998 per
406 3939 474 3997 quos
493 3939 630 3976 saoromm
649 3923 785 3988 ascensus,
805 3930 832 3975 et
844 3918 931 3995 qualis
944 3921 1011 3977 ordo
1023 3923 1060 3977 sit
1071 3930 1179 3976 naturae
1191 3939 1265 3976 mnn-

210 4005 306 4074 danae‚
335 4016 362 4062 et
386 4025 439 4084 quo
467 4013 546 4083 pacto
571 4004 763 4062 intellectualis
787 4007 857 4062 aetio
879 4004 997 4084 perfecta
1019 4006 1082 4064 huic
1106 4007 1263 4063 dominetur.

210 4101 290 4168 atque
307 4090 373 4150 adeo
393 4089 466 4169 qnod
484 4100 514 4147 tu
532 4111 565 4148 ex
582 4091 699 4151 Homero
718 4090 812 4153 laudas
828 4091 885 4160 „dii
903 4095 957 4172 ipsi
968 4091 1102 4150 flexibiles
1115 4093 1195 4148 sunt“
1213 4110 1265 4147 nos

210 4177 285 4235 dictu
301 4177 376 4237 nelas
387 4199 450 4236 ease
459 4197 615 4247 cancamum
633 4177 737 4256 legibus
748 4199 862 4256 namque
874 4181 987 4239 sinceris
1000 4190 1028 4237 et
1039 4174 1263 4237 intellectualibus
