2776 4876
215 352 251 405 80
1216 352 1267 413 25

216 530 265 593 ρει
284 502 324 572 τὸ
346 502 530 596 φερόμενον
552 510 607 571 καὶ
630 504 805 591 άνίδρυτον
821 509 876 571 καί
892 504 1192 592 άναπεπλησμίνον
1207 506 1268 572 άλ-

164 704 166 715 Ι
216 621 353 704 λοτρίωυ
381 613 524 707 φύσεων,
553 612 573 682 δ
602 621 670 682 πᾶν
698 629 771 695 ταῖς
799 620 1069 704 καταδεεστέραις
1098 615 1269 703 ίναρμόζει

216 727 354 810 τάξεσιν.
793 754 798 764 ·

300 839 386 906 Ἀλλ’
404 836 468 921 ἤδη
490 838 576 906 κατά
603 836 664 921 τὴν
686 836 855 932 διαφοράν
883 843 943 920 τῆς
970 839 1153 925 συμμίξεως
1182 841 1269 906 διαι-

215 954 342 1038 ρείσθω
365 953 552 1018 καὶτοῦτο.
597 962 666 1029 τοῖς
694 954 754 1036 μὲν
780 946 845 1037 γάρ
868 953 1024 1036 δαίμοσιν
1053 950 1153 1036 ἀτμοὶ
1176 975 1268 1040 περι-

214 1059 345 1147 κόσμιοι
367 1066 605 1148 συμμίγνυνται
627 1066 683 1128 καὶ
705 1068 865 1153 φέρονται
878 1059 971 1150 παρά
991 1058 1054 1143 τὴν
1066 1066 1128 1130 τοῦ
1141 1060 1268 1148 κόσμου
1287 1083 1302 1133 o

214 1176 342 1253 κίνησιν
363 1171 522 1252 άστάτως.
568 1171 671 1262 ἥρωσι
693 1176 729 1240 δὲ
750 1176 971 1258 γενεσιουργοὶ
992 1170 1188 1258 πνευμάτων
1210 1194 1267 1240 συ-

215 1280 348 1362 στάσεις
369 1282 658 1371 άναιιεράννυνται,
679 1288 753 1372 περὶ
775 1280 816 1363 δς
837 1288 893 1351 καὶ
908 1283 1004 1352 αὐτοὶ
1019 1289 1266 1368 συγκινοῦνται·

215 1390 371 1485 άρχοντες
393 1399 427 1463 δὲ
450 1403 483 1463 οἱ
505 1401 565 1482 μὲν
586 1399 645 1464 τοῦ
657 1393 786 1481 κόσμου
799 1402 951 1480 μένουσιν
966 1393 1120 1474 ὡσαύτως
1134 1392 1173 1462 τδ
1188 1416 1266 1462 κοσ-
1285 1412 1301 1463 υ

214 1501 311 1591 μικδν
333 1504 414 1594 ὅπερ
438 1505 525 1596 εἶχον
546 1512 772 1599 ἐμφαίνοντες,
795 1512 827 1573 οἱ
842 1511 877 1574 δὲ
891 1509 952 1588 τῆς
963 1504 1046 1589 ὕλης
1058 1507 1176 1574 anxur
1191 1504 1266 1593 ίχῶ-

214 1641 282 1706 ρων
304 1605 386 1684 είσὶν
408 1616 603 1705 άνάμεστοι·
626 1623 731 1708 ψυχαὶ
760 1621 794 1686 δὲ
822 1621 986 1705 περισσῶν
1011 1621 1189 1704 μολυσμῶν
1209 1621 1267 1684 καὶ

214 1727 397 1816 ἀλλοτρίων
424 1727 619 1816 πνευμάτων
647 1728 930 1815 ἀναπίμπλανται,
965 1729 1046 1815 μεθ’
1072 1719 1118 1795 ῶν
1146 1733 1202 1796 καὶ
1232 1737 1267 1795 ἐν
1288 1744 1319 1794 12

214 1851 287 1918 ταῖς
309 1845 514 1932 ἐπιφανείαις
536 1847 674 1908 ἕκαστον
695 1839 820 1908 τούτων
848 1846 913 1908 τῶν
940 1843 1043 1928 γενῶν
1071 1837 1170 1907 ἑαυτὸ
1197 1848 1266 1907 επι-

214 1952 364 2018 δείκνυσι.

302 2066 427 2149 Δεῖγμα
449 2063 478 2131 δ’
499 2066 590 2131 ίσται
613 2086 666 2131 σοι
690 2063 729 2130 οὐ
751 2060 868 2150 μικρὸν
889 2068 945 2129 καὶ
972 2060 1011 2128 τὸ
1041 2061 1266 2144 δοπανητιιιδν
1286 2084 1318 2134 15

214 2177 273 2256 τῆς
292 2171 375 2256 dinc
395 2171 534 2261 άδρόως
556 2180 609 2241 ίπὶ
629 2177 731 2241 θεῶν.
776 2180 828 2242 ἐπὶ
851 2177 885 2241 δὲ
907 2178 972 2241 τῶν
994 2173 1205 2261 άρχαγγέλων
1225 2171 1265 2241 τὸ

213 2283 298 2353 κατά
319 2281 427 2376 βραχὺ
449 2284 552 2367 αὐτῆς
578 2285 797 2365 άναλωτικόν,
825 2291 879 2352 ἐπὶ
901 2289 936 2352 δὲ
964 2289 1029 2352 τῶν
1050 2285 1198 2371 ἀγγέλων
1226 2284 1265 2352 τὸ

1288 743 1304 793 3

284 2475 308 2524 1.
335 2467 482 2545 άυόδρυτον
499 2469 531 2524 Β.
620 2474 675 2525 4.5
713 2474 876 2543 διαιρεῖσθαι
895 2470 948 2522 AC.
1039 2473 1081 2523 10.
1107 2475 1165 2538 ἕχον
1184 2471 1264 2524 acl).

284 2561 381 2612 10.11.
410 2555 522 2629 ἰχώρων]
541 2558 576 2609 sic
596 2556 675 2622 ΑΕΒ,
703 2579 753 2609 orn.
774 2558 808 2610 Ο.
900 2558 942 2609 11.
969 2554 1127 2627 μολυσμῶν]
1147 2557 1182 2608 sic
1201 2561 1221 2608 A
1242 2571 1265 2609 et

284 2665 349 2696 corr.
366 2645 399 2709 B,
425 2641 560 2715 μσλισμῶν
579 2645 611 2697 Ο.
742 2647 785 2697 12.
812 2647 857 2696 καὶ
874 2664 924 2696 om.
944 2644 977 2695 D.
1115 2646 1156 2697 13.
1185 2645 1264 2697 ἑαυτὸ

283 2729 378 2801 scripsi,
397 2733 495 2783 ἑαυτοῦ
513 2735 544 2792 Α,
562 2730 657 2783 ἑαυτὸν
676 2730 709 2783 0.
845 2732 888 2782 15.
915 2734 980 2784 ίστω
1000 2730 1052 2783 Ac.
1073 2724 1087 2799 ΙΙ
1107 2731 1216 2802 σμικρὸν
1236 2730 1264 2782 C.

286 2819 328 2868 17.
355 2811 454 2885 αὐτῆς]
472 2813 565 2878 αὐτοῖς
584 2816 662 2868 ΑΒΙ).
685 2811 697 2884 ΙΙ
718 2821 761 2868 ἐπὶ
777 2814 829 2869 τῶν
847 2812 959 2885 ἀγγέλων
978 2819 1005 2869 δὲ
1024 2820 1055 2869 A.
1077 2811 1090 2886 ΙΙ
1114 2831 1171 2887 post
1187 2813 1265 2885 oiyyi-

284 2905 333 2954 λων
351 2902 376 2953 D
395 2903 474 2971 pergit
491 2903 517 2954 in
535 2904 646 2969 margine
663 2905 695 2956 τὰ
715 2903 871 2973 καταβραχὺ
890 2895 982 2961 odonis
1000 2897 1161 2957 ῶναλωτικὸυ
1178 2905 1221 2957 tut
1239 2905 1265 2957 δὲ

284 2986 335 3041 τῶν
352 2982 463 3056 άμμίλωι
482 2989 514 3041 τὸ
531 2988 636 3042 amatr
654 2983 707 3042 ἄπ’
721 2983 807 3056 αὐτῆς
825 2990 870 3040 καὶ
889 2982 1035 3055 άναγωμὸν,
1053 3003 1077 3041 et
1094 2988 1157 3041 redit
1174 2987 1201 3039 in
1215 3005 1265 3040 tex-

284 3090 336 3126 tum
355 3077 398 3127 ort
416 3076 442 3126 di
459 3071 510 3126 τῶν
528 3074 666 3137 δαιμόνων.

214 3295 319 3354 appone
337 3273 410 3351 qnod
431 3273 530 3329 mobile
548 3285 590 3330 est
608 3287 635 3330 et
652 3274 836 3350 vagabundum
859 3283 886 3328 et
904 3271 998 3328 olienis
1021 3271 1130 3350 plenum
1153 3277 1265 3343 naturis,

214 3362 287 3440 quod
304 3361 412 3438 quidem
429 3369 516 3416 totum
533 3360 703 3417 inferioribus
722 3360 860 3417 ordinibus
879 3360 1011 3415 convenit.

284 3448 439 3522 Quinetiam
452 3446 534 3503 dividi
545 3457 660 3525 possunt
672 3448 737 3503 brec
747 3465 831 3525 penes
844 3444 1028 3502 diversitatem
1039 3448 1173 3502 misturae.
1204 3467 1265 3503 nam

214 3535 357 3591 daemones
375 3534 428 3589 sibi
446 3533 575 3590 admistos
592 3532 692 3590 babent
707 3552 822 3611 vapores
840 3531 997 3599 mundanos,
1016 3530 1188 3609 semotusque
1203 3553 1265 3590 oon·

213 3632 254 3676 tra
273 3620 364 3677 mundi
382 3630 483 3676 motum
500 3618 655 3687 instabiles;
673 3618 800 3675 heroibus
818 3619 987 3695 generatim
1003 3619 1145 3694 spirituum
1157 3640 1265 3699 compo-

213 3707 325 3762 sitiones
348 3708 567 3774 commiscentur,
594 3707 666 3762 eirea
689 3725 755 3781 quas
778 3706 832 3783 ipsi
855 3723 962 3781 quoque
984 3716 1198 3772 commoventur3
1226 3727 1266 3763 ar·

213 3791 326 3848 obontes
344 3792 435 3848 mundi
452 3802 559 3848 manent
577 3792 671 3849 eodem
689 3791 779 3860 modo,
797 3791 957 3847 mundanum
974 3790 1047 3866 quod
1064 3790 1164 3848 habent
1177 3802 1266 3849 osteu-

213 3876 322 3944 dentes3
339 3881 464 3934 materiae
476 3881 613 3957 principes
625 3877 700 3956 pleni
712 3888 775 3935 suut
787 3876 967 3934 materialibus
979 3875 1143 3953 liquoribus;
1164 3880 1266 3933 animae

212 3964 324 4021 rsiertm
342 3974 404 4020 sunt
421 3962 532 4021 maculis
551 3965 752 4043 quamplurimis
771 3974 799 4020 et
815 3964 955 4043 spiritibus
973 3963 1082 4032 alienis,
1107 3965 1266 4040 quibuscum

213 4053 320 4128 quoties
338 4061 466 4128 apparent
483 4052 691 4129 unumquodque
708 4051 805 4108 borum
822 4070 947 4128 generum
965 4050 1085 4107 ostendit
1103 4070 1140 4107 se.

283 4136 339 4194 Sed
357 4146 385 4192 et
402 4136 470 4194 illud
487 4154 541 4192 non
559 4158 653 4215 parmn
670 4139 772 4194 indicet
788 4136 923 4213 quomodo
947 4139 1085 4214 superiora
1104 4136 1266 4214 distinguan-

114 4251 116 4256 ·
213 4232 263 4279 tur.
310 4223 349 4282 dii
372 4225 427 4280 vim
448 4223 549 4281 babent
572 4244 640 4300 quae
660 4226 797 4281 materiam
819 4233 929 4302 repente
951 4225 1086 4290 absumat,
1114 4221 1269 4298 archangeli¹
