<?xml version="1.0" encoding="UTF-8"?>
<!DOCTYPE html PUBLIC "-//W3C//DTD XHTML 1.0 Transitional//EN"
    "http://www.w3.org/TR/xhtml1/DTD/xhtml1-transitional.dtd">
<html xmlns="http://www.w3.org/1999/xhtml" xml:lang="en" lang="en">
 <head>
  <title>
</title>
<meta http-equiv="Content-Type" content="text/html;charset=utf-8" />
  <meta name='ocr-system' content='tesseract 3.04.00' />
  <meta name='ocr-capabilities' content='ocr_page ocr_carea ocr_par ocr_line ocrx_word'/>
</head>
<body>
  <div class='ocr_page' id='page_1' title='image "./jamblichidemyst00jambgoog_0252.png"; bbox 0 0 2776 4876; ppageno 0'>
   <div class='ocr_carea' id='block_1_1' title="bbox 98 354 1192 425">
    <p class='ocr_par' dir='ltr' id='par_1_1' title="bbox 98 354 1192 425">
     <span class='ocr_line' id='line_1_1' title="bbox 98 354 1192 425; baseline 0 -11"><span class='ocrx_word' id='word_1_1' title='bbox 98 354 100 357; x_wconf 60' lang='grc'><strong>’</strong></span> <span class='ocrx_word' id='word_1_2' title='bbox 135 361 162 425; x_wconf 79' lang='grc'>3,</span> <span class='ocrx_word' id='word_1_3' title='bbox 174 364 204 414; x_wconf 89' lang='grc'>11</span> <span class='ocrx_word' id='word_1_4' title='bbox 1139 361 1192 415; x_wconf 71' lang='grc'>123</span> 
     </span>
    </p>
   </div>
   <div class='ocr_carea' id='block_1_2' title="bbox 75 512 1248 2156">
    <p class='ocr_par' dir='ltr' id='par_1_2' title="bbox 75 512 1248 2156">
     <span class='ocr_line' id='line_1_2' title="bbox 139 512 1191 606; baseline 0.001 -25"><span class='ocrx_word' id='word_1_5' title='bbox 139 518 337 596; x_wconf 76' lang='grc' dir='ltr'><em>καθέστηκε,</em></span> <span class='ocrx_word' id='word_1_6' title='bbox 360 515 444 594; x_wconf 82' lang='grc' dir='ltr'><strong><em>ζωῆς</em></strong></span> <span class='ocrx_word' id='word_1_7' title='bbox 467 516 501 581; x_wconf 76' lang='grc' dir='ltr'>δὲ</span> <span class='ocrx_word' id='word_1_8' title='bbox 524 516 624 591; x_wconf 81' lang='grc' dir='ltr'><strong><em>θείας</em></strong></span> <span class='ocrx_word' id='word_1_9' title='bbox 645 518 702 580; x_wconf 84' lang='grc' dir='ltr'>καὶ</span> <span class='ocrx_word' id='word_1_10' title='bbox 725 518 842 605; x_wconf 81' lang='grc' dir='ltr'><em>νοερᾶς</em></span> <span class='ocrx_word' id='word_1_11' title='bbox 863 515 969 606; x_wconf 81' lang='grc' dir='ltr'><em>πάυτη</em></span> <span class='ocrx_word' id='word_1_12' title='bbox 991 512 1191 602; x_wconf 80' lang='grc' dir='ltr'><strong><em>κεχώρισται.</em></strong></span> 
     </span>
     <span class='ocr_line' id='line_1_3' title="bbox 138 618 1191 718; baseline 0 -25"><span class='ocrx_word' id='word_1_13' title='bbox 138 633 278 693; x_wconf 75' lang='grc' dir='ltr'><em>ἕκαστον</em></span> <span class='ocrx_word' id='word_1_14' title='bbox 301 628 335 692; x_wconf 77' lang='grc' dir='ltr'>δὲ</span> <span class='ocrx_word' id='word_1_15' title='bbox 356 618 376 718; x_wconf 74' lang='grc' dir='ltr'><em>ᾗ</em></span> <span class='ocrx_word' id='word_1_16' title='bbox 398 631 521 716; x_wconf 78' lang='grc' dir='ltr'><em>πέφυκε</em></span> <span class='ocrx_word' id='word_1_17' title='bbox 550 623 651 717; x_wconf 84' lang='grc' dir='ltr'><em>ταότη</em></span> <span class='ocrx_word' id='word_1_18' title='bbox 674 629 848 711; x_wconf 71' lang='grc' dir='ltr'><em>συμβαίνει</em></span> <span class='ocrx_word' id='word_1_19' title='bbox 872 630 928 693; x_wconf 85' lang='grc' dir='ltr'>καὶ</span> <span class='ocrx_word' id='word_1_20' title='bbox 949 623 991 692; x_wconf 89' lang='grc' dir='ltr'><em>τά</em></span> <span class='ocrx_word' id='word_1_21' title='bbox 1013 629 1087 712; x_wconf 85' lang='grc' dir='ltr'><em>περὶ</em></span> <span class='ocrx_word' id='word_1_22' title='bbox 1109 619 1191 693; x_wconf 82' lang='grc' dir='ltr'><em>αὐτὸ</em></span> 
     </span>
     <span class='ocr_line' id='line_1_4' title="bbox 103 732 1191 825; baseline 0.002 -23"><span class='ocrx_word' id='word_1_23' title='bbox 103 752 117 802; x_wconf 77' lang='lat' dir='ltr'>t</span> <span class='ocrx_word' id='word_1_24' title='bbox 137 732 344 825; x_wconf 60' lang='lat' dir='ltr'>decorticata</span> <span class='ocrx_word' id='word_1_25' title='bbox 366 738 554 802; x_wconf 74' lang='grc' dir='ltr'><em>τελεῖσθαν</em></span> <span class='ocrx_word' id='word_1_26' title='bbox 577 733 660 803; x_wconf 77' lang='grc' dir='ltr'><em>ὥστε</em></span> <span class='ocrx_word' id='word_1_27' title='bbox 682 742 738 803; x_wconf 84' lang='grc' dir='ltr'>καὶ</span> <span class='ocrx_word' id='word_1_28' title='bbox 760 733 802 803; x_wconf 89' lang='grc' dir='ltr'><em>τά</em></span> <span class='ocrx_word' id='word_1_29' title='bbox 825 734 892 803; x_wconf 85' lang='grc' dir='ltr'>ἀπὸ</span> <span class='ocrx_word' id='word_1_30' title='bbox 914 740 980 802; x_wconf 81' lang='grc' dir='ltr'>τῶν</span> <span class='ocrx_word' id='word_1_31' title='bbox 997 739 1086 803; x_wconf 82' lang='grc' dir='ltr'><em>θεῶν</em></span> <span class='ocrx_word' id='word_1_32' title='bbox 1109 742 1191 821; x_wconf 68' lang='lat' dir='ltr'>lysi·</span> 
     </span>
     <span class='ocr_line' id='line_1_5' title="bbox 137 843 1190 935; baseline -0.002 -21"><span class='ocrx_word' id='word_1_33' title='bbox 137 872 240 935; x_wconf 90' lang='grc' dir='ltr'><em>ροντα</em></span> <span class='ocrx_word' id='word_1_34' title='bbox 261 849 319 913; x_wconf 82' lang='grc' dir='ltr'>καὶ</span> <span class='ocrx_word' id='word_1_35' title='bbox 340 844 611 932; x_wconf 78' lang='grc' dir='ltr'><em>ἀναβακχεόοντα</em></span> <span class='ocrx_word' id='word_1_36' title='bbox 634 843 710 925; x_wconf 76' lang='grc' dir='ltr'><em>τοὺς</em></span> <span class='ocrx_word' id='word_1_37' title='bbox 732 845 935 935; x_wconf 76' lang='grc' dir='ltr'><em>ἀνθρώπους</em></span> <span class='ocrx_word' id='word_1_38' title='bbox 953 845 1125 931; x_wconf 81' lang='grc' dir='ltr'><em>πνεύματα</em></span> <span class='ocrx_word' id='word_1_39' title='bbox 1139 855 1190 913; x_wconf 78' lang='grc' dir='ltr'><em>εκ-</em></span> 
     </span>
     <span class='ocr_line' id='line_1_6' title="bbox 137 953 1190 1049; baseline -0.002 -25"><span class='ocrx_word' id='word_1_40' title='bbox 137 959 297 1043; x_wconf 79' lang='grc' dir='ltr'><em>βέβληκεν</em></span> <span class='ocrx_word' id='word_1_41' title='bbox 318 953 424 1038; x_wconf 92' lang='grc' dir='ltr'><em>ἀλλην</em></span> <span class='ocrx_word' id='word_1_42' title='bbox 445 960 560 1026; x_wconf 82' lang='grc' dir='ltr'><em>πᾶσαν</em></span> <span class='ocrx_word' id='word_1_43' title='bbox 582 957 802 1045; x_wconf 75' lang='grc' dir='ltr'><em>ἀνθρωπίνην</em></span> <span class='ocrx_word' id='word_1_44' title='bbox 824 963 880 1024; x_wconf 89' lang='grc' dir='ltr'>καὶ</span> <span class='ocrx_word' id='word_1_45' title='bbox 895 954 1036 1049; x_wconf 80' lang='grc' dir='ltr'><em>φυσικὴν</em></span> <span class='ocrx_word' id='word_1_46' title='bbox 1051 963 1190 1038; x_wconf 82' lang='grc' dir='ltr'><em>κίνησιν,</em></span> 
     </span>
     <span class='ocr_line' id='line_1_7' title="bbox 103 1062 1192 1161; baseline -0.003 -24"><span class='ocrx_word' id='word_1_47' title='bbox 103 1088 119 1138; x_wconf 77' lang='lat' dir='ltr'>c</span> <span class='ocrx_word' id='word_1_48' title='bbox 138 1071 194 1135; x_wconf 80' lang='grc' dir='ltr'>καὶ</span> <span class='ocrx_word' id='word_1_49' title='bbox 217 1067 258 1135; x_wconf 80' lang='grc' dir='ltr'><em>οὐ</em></span> <span class='ocrx_word' id='word_1_50' title='bbox 278 1070 328 1135; x_wconf 79' lang='grc' dir='ltr'><em>δεῖ</em></span> <span class='ocrx_word' id='word_1_51' title='bbox 350 1062 392 1150; x_wconf 78' lang='grc' dir='ltr'>δὴ</span> <span class='ocrx_word' id='word_1_52' title='bbox 406 1063 466 1134; x_wconf 83' lang='grc' dir='ltr'>τόν</span> <span class='ocrx_word' id='word_1_53' title='bbox 481 1066 605 1155; x_wconf 81' lang='grc' dir='ltr'><em>τρόπον</em></span> <span class='ocrx_word' id='word_1_54' title='bbox 620 1070 728 1136; x_wconf 74' lang='grc' dir='ltr'><em>αὐτῶν</em></span> <span class='ocrx_word' id='word_1_55' title='bbox 743 1068 933 1161; x_wconf 79' lang='grc' dir='ltr'><em>ἀφομοιοῦν</em></span> <span class='ocrx_word' id='word_1_56' title='bbox 947 1080 1020 1146; x_wconf 85' lang='grc' dir='ltr'><em>ταῖς</em></span> <span class='ocrx_word' id='word_1_57' title='bbox 1035 1067 1192 1149; x_wconf 77' lang='grc' dir='ltr'><em>συνήθως</em></span> 
     </span>
     <span class='ocr_line' id='line_1_8' title="bbox 138 1177 1192 1267; baseline 0.003 -24"><span class='ocrx_word' id='word_1_58' title='bbox 138 1185 346 1265; x_wconf 76' lang='grc' dir='ltr'><em>γιγνομέναις</em></span> <span class='ocrx_word' id='word_1_59' title='bbox 360 1183 542 1266; x_wconf 75' lang='grc' dir='ltr'><em>ἐνεργείαις,</em></span> <span class='ocrx_word' id='word_1_60' title='bbox 558 1183 611 1245; x_wconf 75' lang='grc' dir='ltr'>ἐπὶ</span> <span class='ocrx_word' id='word_1_61' title='bbox 626 1183 660 1246; x_wconf 81' lang='grc' dir='ltr'>δὲ</span> <span class='ocrx_word' id='word_1_62' title='bbox 676 1179 719 1246; x_wconf 89' lang='grc' dir='ltr'><em>τά</em></span> <span class='ocrx_word' id='word_1_63' title='bbox 733 1182 900 1258; x_wconf 80' lang='grc' dir='ltr'><em>παντελῶς</em></span> <span class='ocrx_word' id='word_1_64' title='bbox 914 1177 1192 1267; x_wconf 72' lang='grc' dir='ltr'><em>παραλλάττοντα</em></span> 
     </span>
     <span class='ocr_line' id='line_1_9' title="bbox 139 1287 1169 1380; baseline 0.001 -24"><span class='ocrx_word' id='word_1_65' title='bbox 139 1294 193 1356; x_wconf 82' lang='grc' dir='ltr'>καὶ</span> <span class='ocrx_word' id='word_1_66' title='bbox 216 1288 412 1379; x_wconf 73' lang='grc' dir='ltr'><em>πρωτουργοὶ</em></span> <span class='ocrx_word' id='word_1_67' title='bbox 433 1295 500 1356; x_wconf 84' lang='grc' dir='ltr'>τῶν</span> <span class='ocrx_word' id='word_1_68' title='bbox 515 1293 607 1358; x_wconf 82' lang='grc' dir='ltr'><em>θεῶν</em></span> <span class='ocrx_word' id='word_1_69' title='bbox 622 1291 712 1357; x_wconf 75' lang='grc' dir='ltr'><em>αἴτια</em></span> <span class='ocrx_word' id='word_1_70' title='bbox 728 1287 831 1369; x_wconf 85' lang='grc' dir='ltr'><em>αάτάς</em></span> <span class='ocrx_word' id='word_1_71' title='bbox 851 1290 987 1378; x_wconf 87' lang='grc' dir='ltr'><em>ἀνοίγειν</em></span> <span class='ocrx_word' id='word_1_72' title='bbox 1002 1290 1169 1380; x_wconf 85' lang='grc' dir='ltr'><em>προσήκει.</em></span> 
     </span>
     <span class='ocr_line' id='line_1_10' title="bbox 105 1394 1192 1494; baseline 0.003 -28"><span class='ocrx_word' id='word_1_73' title='bbox 105 1416 120 1466; x_wconf 78' lang='grc'>9</span> <span class='ocrx_word' id='word_1_74' title='bbox 221 1396 424 1486; x_wconf 78' lang='grc' dir='ltr'><em>Ἒνμὲνδὴ</em></span> <span class='ocrx_word' id='word_1_75' title='bbox 448 1394 627 1469; x_wconf 79' lang='grc' dir='ltr'><em>οὖντοῦτο</em></span> <span class='ocrx_word' id='word_1_76' title='bbox 652 1400 736 1480; x_wconf 74' lang='grc' dir='ltr'><em>εἶδος</em></span> <span class='ocrx_word' id='word_1_77' title='bbox 761 1405 952 1494; x_wconf 83' lang='grc' dir='ltr'><em>θεοφορίας</em></span> <span class='ocrx_word' id='word_1_78' title='bbox 979 1401 1107 1469; x_wconf 83' lang='grc' dir='ltr'><em>τοιόνδε</em></span> <span class='ocrx_word' id='word_1_79' title='bbox 1136 1408 1192 1469; x_wconf 84' lang='grc' dir='ltr'>καὶ</span> 
     </span>
     <span class='ocr_line' id='line_1_11' title="bbox 142 1509 1248 1602; baseline -0.001 -24"><span class='ocrx_word' id='word_1_80' title='bbox 142 1509 227 1578; x_wconf 79' lang='grc' dir='ltr'><em>οὕτω</em></span> <span class='ocrx_word' id='word_1_81' title='bbox 249 1510 444 1598; x_wconf 88' lang='grc' dir='ltr'><em>γιγνόμενον</em></span> <span class='ocrx_word' id='word_1_82' title='bbox 465 1510 620 1599; x_wconf 78' lang='grc' dir='ltr'><em>ὑπάρχει·</em></span> <span class='ocrx_word' id='word_1_83' title='bbox 650 1519 760 1602; x_wconf 77' lang='grc' dir='ltr'><em>ἕτερον</em></span> <span class='ocrx_word' id='word_1_84' title='bbox 783 1516 817 1580; x_wconf 78' lang='grc' dir='ltr'>δὲ</span> <span class='ocrx_word' id='word_1_85' title='bbox 839 1509 878 1579; x_wconf 85' lang='grc' dir='ltr'>τό</span> <span class='ocrx_word' id='word_1_86' title='bbox 900 1517 967 1580; x_wconf 81' lang='grc' dir='ltr'><em>ταῖν</em></span> <span class='ocrx_word' id='word_1_87' title='bbox 985 1518 1193 1600; x_wconf 83' lang='grc' dir='ltr'><em>χρηστηρίων</em></span> <span class='ocrx_word' id='word_1_88' title='bbox 1211 1521 1248 1578; x_wconf 95' lang='lat' dir='ltr'>ll</span> 
     </span>
     <span class='ocr_line' id='line_1_12' title="bbox 75 1614 1192 1712; baseline 0.004 -25"><span class='ocrx_word' id='word_1_89' title='bbox 75 1614 81 1620; x_wconf 44' lang='lat'>¹</span> <span class='ocrx_word' id='word_1_90' title='bbox 140 1619 321 1707; x_wconf 79' lang='grc' dir='ltr'><em>διαβόητον</em></span> <span class='ocrx_word' id='word_1_91' title='bbox 342 1626 397 1689; x_wconf 79' lang='grc' dir='ltr'>καί</span> <span class='ocrx_word' id='word_1_92' title='bbox 420 1622 660 1711; x_wconf 77' lang='grc' dir='ltr'><em>ἐναργέστατόν</em></span> <span class='ocrx_word' id='word_1_93' title='bbox 682 1630 751 1691; x_wconf 80' lang='grc' dir='ltr'><em>ἐστι</em></span> <span class='ocrx_word' id='word_1_94' title='bbox 773 1627 951 1712; x_wconf 80' lang='grc' dir='ltr'><em>πολυμερὲς</em></span> <span class='ocrx_word' id='word_1_95' title='bbox 973 1627 1094 1691; x_wconf 75' lang='grc' dir='ltr'><em>ἔνθεον</em></span> <span class='ocrx_word' id='word_1_96' title='bbox 1108 1649 1192 1709; x_wconf 87' lang='grc' dir='ltr'><em>μαν-</em></span> 
     </span>
     <span class='ocr_line' id='line_1_13' title="bbox 88 1727 1193 1825; baseline 0.004 -29"><span class='ocrx_word' id='word_1_97' title='bbox 88 1747 122 1796; x_wconf 84' lang='lat'>12</span> <span class='ocrx_word' id='word_1_98' title='bbox 141 1744 237 1813; x_wconf 82' lang='grc' dir='ltr'><em>τοῖον,</em></span> <span class='ocrx_word' id='word_1_99' title='bbox 258 1737 331 1822; x_wconf 80' lang='grc' dir='ltr'><em>περὶ</em></span> <span class='ocrx_word' id='word_1_100' title='bbox 356 1727 395 1801; x_wconf 85' lang='grc' dir='ltr'><em>οὗ</em></span> <span class='ocrx_word' id='word_1_101' title='bbox 409 1733 452 1800; x_wconf 89' lang='grc' dir='ltr'><em>τά</em></span> <span class='ocrx_word' id='word_1_102' title='bbox 466 1737 606 1801; x_wconf 77' lang='grc' dir='ltr'><em>τοιαῦτα</em></span> <span class='ocrx_word' id='word_1_103' title='bbox 621 1734 834 1825; x_wconf 83' lang='grc' dir='ltr'><em>ἀποφαίνεις·</em></span> <span class='ocrx_word' id='word_1_104' title='bbox 857 1739 889 1800; x_wconf 85' lang='grc' dir='ltr'><em>οἱ</em></span> <span class='ocrx_word' id='word_1_105' title='bbox 906 1733 935 1800; x_wconf 81' lang='grc' dir='ltr'>δ’</span> <span class='ocrx_word' id='word_1_106' title='bbox 952 1732 1040 1822; x_wconf 84' lang='grc' dir='ltr'><em>ὕδωρ</em></span> <span class='ocrx_word' id='word_1_107' title='bbox 1055 1733 1193 1812; x_wconf 80' lang='grc' dir='ltr'><em>πιόντες,</em></span> 
     </span>
     <span class='ocr_line' id='line_1_14' title="bbox 140 1840 1201 1936; baseline -0.002 -26"><span class='ocrx_word' id='word_1_108' title='bbox 140 1842 297 1932; x_wconf 73' lang='grc' dir='ltr'><em>καθάπερ</em></span> <span class='ocrx_word' id='word_1_109' title='bbox 320 1843 339 1911; x_wconf 87' lang='grc' dir='ltr'>ὁ</span> <span class='ocrx_word' id='word_1_110' title='bbox 361 1850 397 1910; x_wconf 81' lang='grc' dir='ltr'>ὲν</span> <span class='ocrx_word' id='word_1_111' title='bbox 420 1847 601 1936; x_wconf 79' lang='grc' dir='ltr'><em>Κολοφῶνι</em></span> <span class='ocrx_word' id='word_1_112' title='bbox 623 1840 725 1934; x_wconf 74' lang='grc' dir='ltr'><em>ἱερεὺς</em></span> <span class='ocrx_word' id='word_1_113' title='bbox 746 1849 808 1912; x_wconf 79' lang='grc' dir='ltr'><em>τοῦ</em></span> <span class='ocrx_word' id='word_1_114' title='bbox 821 1847 981 1933; x_wconf 88' lang='grc' dir='ltr'><em>Κλαρίου,</em></span> <span class='ocrx_word' id='word_1_115' title='bbox 1005 1851 1037 1912; x_wconf 80' lang='lat' dir='ltr'>ol</span> <span class='ocrx_word' id='word_1_116' title='bbox 1060 1849 1094 1913; x_wconf 83' lang='grc' dir='ltr'>δὲ</span> <span class='ocrx_word' id='word_1_117' title='bbox 1117 1869 1201 1914; x_wconf 70' lang='lat' dir='ltr'>oco.</span> 
     </span>
     <span class='ocr_line' id='line_1_15' title="bbox 139 1952 1193 2048; baseline 0 -25"><span class='ocrx_word' id='word_1_118' title='bbox 139 1960 227 2041; x_wconf 80' lang='grc' dir='ltr'><em>μίοις</em></span> <span class='ocrx_word' id='word_1_119' title='bbox 248 1952 538 2044; x_wconf 76' lang='grc' dir='ltr'><em>παρακαθήμενοι,</em></span> <span class='ocrx_word' id='word_1_120' title='bbox 561 1955 603 2034; x_wconf 85' lang='grc' dir='ltr'><em>ὡς</em></span> <span class='ocrx_word' id='word_1_121' title='bbox 626 1962 660 2022; x_wconf 71' lang='grc' dir='ltr'>αι’</span> <span class='ocrx_word' id='word_1_122' title='bbox 683 1963 719 2022; x_wconf 79' lang='lat' dir='ltr'>lv</span> <span class='ocrx_word' id='word_1_123' title='bbox 741 1959 882 2048; x_wconf 78' lang='grc' dir='ltr'><em>Δελφοῖς</em></span> <span class='ocrx_word' id='word_1_124' title='bbox 904 1957 1133 2037; x_wconf 86' lang='grc' dir='ltr'><em>θεσπίζουσαι,</em></span> <span class='ocrx_word' id='word_1_125' title='bbox 1161 1962 1193 2023; x_wconf 85' lang='grc' dir='ltr'><em>οἱ</em></span> 
     </span>
     <span class='ocr_line' id='line_1_16' title="bbox 88 2064 1193 2156; baseline -0.002 -20"><span class='ocrx_word' id='word_1_126' title='bbox 88 2085 120 2136; x_wconf 79' lang='grc'>15</span> <span class='ocrx_word' id='word_1_127' title='bbox 139 2066 169 2134; x_wconf 81' lang='grc' dir='ltr'>δ’</span> <span class='ocrx_word' id='word_1_128' title='bbox 185 2065 220 2147; x_wconf 73' lang='grc' dir='ltr'>ἐξ</span> <span class='ocrx_word' id='word_1_129' title='bbox 234 2064 364 2134; x_wconf 75' lang='grc' dir='ltr'><em>ὺὸἀτων</em></span> <span class='ocrx_word' id='word_1_130' title='bbox 379 2066 597 2153; x_wconf 88' lang='grc' dir='ltr'><em>ἀτμιζόμενοι,</em></span> <span class='ocrx_word' id='word_1_131' title='bbox 620 2064 777 2155; x_wconf 78' lang='grc' dir='ltr'><em>καθάπερ</em></span> <span class='ocrx_word' id='word_1_132' title='bbox 793 2072 829 2134; x_wconf 80' lang='lat' dir='ltr'>al</span> <span class='ocrx_word' id='word_1_133' title='bbox 844 2074 879 2134; x_wconf 78' lang='lat' dir='ltr'>lv</span> <span class='ocrx_word' id='word_1_134' title='bbox 898 2069 1098 2156; x_wconf 82' lang='grc' dir='ltr'><em>Βραγχίδαις</em></span> <span class='ocrx_word' id='word_1_135' title='bbox 1111 2092 1193 2154; x_wconf 88' lang='grc' dir='ltr'><em>προ-</em></span> 
     </span>
    </p>
   </div>
   <div class='ocr_carea' id='block_1_3' title="bbox 210 2321 1195 3000">
    <p class='ocr_par' dir='ltr' id='par_1_3' title="bbox 210 2321 1195 3000">
     <span class='ocr_line' id='line_1_17' title="bbox 210 2321 1194 2394; baseline -0.002 -16"><span class='ocrx_word' id='word_1_136' title='bbox 210 2328 235 2378; x_wconf 80' lang='grc'>4.</span> <span class='ocrx_word' id='word_1_137' title='bbox 262 2321 464 2394; x_wconf 73' lang='grc' dir='ltr'><em>ἀναβαχτόοντα</em></span> <span class='ocrx_word' id='word_1_138' title='bbox 482 2326 515 2379; x_wconf 85' lang='lat' dir='ltr'>D.</span> <span class='ocrx_word' id='word_1_139' title='bbox 624 2329 647 2378; x_wconf 89' lang='grc'>6.</span> <span class='ocrx_word' id='word_1_140' title='bbox 677 2325 802 2393; x_wconf 76' lang='grc' dir='ltr'><em>συνήθων</em></span> <span class='ocrx_word' id='word_1_141' title='bbox 821 2324 874 2379; x_wconf 78' lang='grc' dir='ltr'>ΑΟ.</span> <span class='ocrx_word' id='word_1_142' title='bbox 983 2328 1007 2376; x_wconf 85' lang='grc'>7.</span> <span class='ocrx_word' id='word_1_143' title='bbox 1033 2332 1194 2393; x_wconf 79' lang='grc' dir='ltr'><em>γιγνομέναις</em></span> 
     </span>
     <span class='ocr_line' id='line_1_18' title="bbox 210 2410 1194 2482; baseline -0.002 -18"><span class='ocrx_word' id='word_1_144' title='bbox 210 2411 305 2482; x_wconf 75' lang='lat' dir='ltr'>scripsi,</span> <span class='ocrx_word' id='word_1_145' title='bbox 330 2417 550 2481; x_wconf 74' lang='grc' dir='ltr'><em>γφνυσκομίναις</em></span> <span class='ocrx_word' id='word_1_146' title='bbox 578 2413 639 2476; x_wconf 81' lang='grc' dir='ltr'>ΑΒ,</span> <span class='ocrx_word' id='word_1_147' title='bbox 673 2414 874 2482; x_wconf 65' lang='grc' dir='ltr'><em>γινωσκομένοις</em></span> <span class='ocrx_word' id='word_1_148' title='bbox 901 2410 963 2476; x_wconf 82' lang='lat' dir='ltr'>cl),</span> <span class='ocrx_word' id='word_1_149' title='bbox 997 2413 1142 2480; x_wconf 80' lang='grc' dir='ltr'><em>γινομέναις</em></span> <span class='ocrx_word' id='word_1_150' title='bbox 1161 2410 1194 2462; x_wconf 90' lang='grc'>0.</span> 
     </span>
     <span class='ocr_line' id='line_1_19' title="bbox 213 2492 1193 2569; baseline -0.003 -20"><span class='ocrx_word' id='word_1_151' title='bbox 213 2499 325 2550; x_wconf 83' lang='grc'><strong>10-12.</strong></span> <span class='ocrx_word' id='word_1_152' title='bbox 352 2498 441 2569; x_wconf 62' lang='grc' dir='ltr'><em>ἕτερον</em></span> <span class='ocrx_word' id='word_1_153' title='bbox 459 2499 486 2550; x_wconf 74' lang='lat' dir='ltr'>dl</span> <span class='ocrx_word' id='word_1_154' title='bbox 496 2526 527 2537; x_wconf 94' lang='lat'>-</span> <span class='ocrx_word' id='word_1_155' title='bbox 538 2506 664 2568; x_wconf 83' lang='grc' dir='ltr'><em>μαντεῖον</em></span> <span class='ocrx_word' id='word_1_156' title='bbox 680 2513 737 2567; x_wconf 85' lang='lat' dir='ltr'>post</span> <span class='ocrx_word' id='word_1_157' title='bbox 755 2493 913 2566; x_wconf 84' lang='grc' dir='ltr'><em>ἀποφαίνεις</em></span> <span class='ocrx_word' id='word_1_158' title='bbox 932 2495 967 2560; x_wconf 83' lang='lat' dir='ltr'>(v.</span> <span class='ocrx_word' id='word_1_159' title='bbox 980 2492 1027 2560; x_wconf 87' lang='lat'>12)</span> <span class='ocrx_word' id='word_1_160' title='bbox 1044 2495 1133 2546; x_wconf 85' lang='lat' dir='ltr'>iterum</span> <span class='ocrx_word' id='word_1_161' title='bbox 1147 2516 1193 2565; x_wconf 89' lang='lat' dir='ltr'>po-</span> 
     </span>
     <span class='ocr_line' id='line_1_20' title="bbox 210 2576 1193 2655; baseline -0.004 -20"><span class='ocrx_word' id='word_1_162' title='bbox 210 2583 249 2636; x_wconf 86' lang='lat' dir='ltr'>nit</span> <span class='ocrx_word' id='word_1_163' title='bbox 265 2585 300 2636; x_wconf 82' lang='lat' dir='ltr'>l).</span> <span class='ocrx_word' id='word_1_164' title='bbox 381 2586 424 2637; x_wconf 85' lang='lat'>12.</span> <span class='ocrx_word' id='word_1_165' title='bbox 452 2579 600 2655; x_wconf 81' lang='grc' dir='ltr'><em>ἀποφαίνει</em></span> <span class='ocrx_word' id='word_1_166' title='bbox 618 2584 673 2637; x_wconf 86' lang='lat' dir='ltr'>CD.</span> <span class='ocrx_word' id='word_1_167' title='bbox 759 2585 801 2635; x_wconf 75' lang='lat'>13.</span> <span class='ocrx_word' id='word_1_168' title='bbox 829 2579 980 2652; x_wconf 82' lang='grc' dir='ltr'><em>Κολοφῶνι]</em></span> <span class='ocrx_word' id='word_1_169' title='bbox 1000 2576 1149 2651; x_wconf 82' lang='lat' dir='ltr'>Colophone</span> <span class='ocrx_word' id='word_1_170' title='bbox 1167 2581 1193 2632; x_wconf 91' lang='lat' dir='ltr'>in</span> 
     </span>
     <span class='ocr_line' id='line_1_21' title="bbox 212 2667 1195 2739; baseline -0.002 -18"><span class='ocrx_word' id='word_1_171' title='bbox 212 2669 338 2738; x_wconf 76' lang='lat' dir='ltr'>Apollinis</span> <span class='ocrx_word' id='word_1_172' title='bbox 356 2669 434 2722; x_wconf 83' lang='lat' dir='ltr'>Clarii</span> <span class='ocrx_word' id='word_1_173' title='bbox 456 2689 530 2739; x_wconf 79' lang='lat' dir='ltr'>specu</span> <span class='ocrx_word' id='word_1_174' title='bbox 549 2671 636 2722; x_wconf 83' lang='lat' dir='ltr'>lacuna</span> <span class='ocrx_word' id='word_1_175' title='bbox 655 2683 702 2732; x_wconf 78' lang='lat' dir='ltr'>est,</span> <span class='ocrx_word' id='word_1_176' title='bbox 723 2669 793 2721; x_wconf 77' lang='lat' dir='ltr'>cuius</span> <span class='ocrx_word' id='word_1_177' title='bbox 816 2683 877 2738; x_wconf 81' lang='lat' dir='ltr'>potu</span> <span class='ocrx_word' id='word_1_178' title='bbox 900 2667 963 2719; x_wconf 84' lang='lat' dir='ltr'>mira</span> <span class='ocrx_word' id='word_1_179' title='bbox 985 2668 1123 2718; x_wconf 83' lang='lat' dir='ltr'>redduntur</span> <span class='ocrx_word' id='word_1_180' title='bbox 1141 2687 1195 2719; x_wconf 88' lang='lat' dir='ltr'>ora·</span> 
     </span>
     <span class='ocr_line' id='line_1_22' title="bbox 211 2748 1193 2825; baseline -0.001 -19"><span class='ocrx_word' id='word_1_181' title='bbox 211 2757 276 2818; x_wconf 86' lang='lat' dir='ltr'>cula,</span> <span class='ocrx_word' id='word_1_182' title='bbox 294 2755 435 2808; x_wconf 74' lang='lat' dir='ltr'>bibentium</span> <span class='ocrx_word' id='word_1_183' title='bbox 454 2756 568 2808; x_wconf 83' lang='lat' dir='ltr'>breviore</span> <span class='ocrx_word' id='word_1_184' title='bbox 587 2757 644 2808; x_wconf 74' lang='lat' dir='ltr'>rite.</span> <span class='ocrx_word' id='word_1_185' title='bbox 671 2755 738 2806; x_wconf 85' lang='lat' dir='ltr'>Plio.</span> <span class='ocrx_word' id='word_1_186' title='bbox 757 2758 782 2808; x_wconf 85' lang='lat'>2.</span> <span class='ocrx_word' id='word_1_187' title='bbox 803 2757 861 2808; x_wconf 81' lang='lat'><strong>103.</strong></span> <span class='ocrx_word' id='word_1_188' title='bbox 881 2756 933 2807; x_wconf 84' lang='lat'>232</span> <span class='ocrx_word' id='word_1_189' title='bbox 952 2753 1007 2806; x_wconf 92' lang='lat' dir='ltr'>Sill.</span> <span class='ocrx_word' id='word_1_190' title='bbox 1028 2748 1041 2822; x_wconf 78' lang='grc' dir='ltr'>ΙΙ</span> <span class='ocrx_word' id='word_1_191' title='bbox 1062 2751 1193 2825; x_wconf 84' lang='grc' dir='ltr'><em>Κλαρίου]</em></span> 
     </span>
     <span class='ocr_line' id='line_1_23' title="bbox 211 2839 1194 2913; baseline 0 -21"><span class='ocrx_word' id='word_1_192' title='bbox 211 2843 322 2912; x_wconf 83' lang='grc' dir='ltr'><em>βλαρίου</em></span> <span class='ocrx_word' id='word_1_193' title='bbox 350 2842 433 2906; x_wconf 80' lang='lat' dir='ltr'><strong>ABG,</strong></span> <span class='ocrx_word' id='word_1_194' title='bbox 463 2846 574 2913; x_wconf 78' lang='grc' dir='ltr'><em>βλαρίου</em></span> <span class='ocrx_word' id='word_1_195' title='bbox 607 2841 651 2906; x_wconf 82' lang='lat' dir='ltr'>(in</span> <span class='ocrx_word' id='word_1_196' title='bbox 675 2862 752 2907; x_wconf 75' lang='lat' dir='ltr'>marg.</span> <span class='ocrx_word' id='word_1_197' title='bbox 780 2843 811 2892; x_wconf 84' lang='lat' dir='ltr'>ab</span> <span class='ocrx_word' id='word_1_198' title='bbox 834 2839 881 2892; x_wconf 86' lang='lat' dir='ltr'>alia</span> <span class='ocrx_word' id='word_1_199' title='bbox 904 2861 980 2892; x_wconf 84' lang='lat' dir='ltr'>manu</span> <span class='ocrx_word' id='word_1_200' title='bbox 1007 2839 1133 2912; x_wconf 82' lang='grc' dir='ltr'><em>κλαρίου)</em></span> <span class='ocrx_word' id='word_1_201' title='bbox 1161 2840 1194 2892; x_wconf 89' lang='grc' dir='ltr'>Ι).</span> 
     </span>
     <span class='ocr_line' id='line_1_24' title="bbox 213 2926 907 3000; baseline -0.001 -21"><span class='ocrx_word' id='word_1_202' title='bbox 213 2929 255 2980; x_wconf 78' lang='grc'>14.</span> <span class='ocrx_word' id='word_1_203' title='bbox 282 2933 503 3000; x_wconf 78' lang='grc' dir='ltr'><em>παραναθέμτνοι</em></span> <span class='ocrx_word' id='word_1_204' title='bbox 521 2929 555 2983; x_wconf 86' lang='grc' dir='ltr'>Ο.</span> <span class='ocrx_word' id='word_1_205' title='bbox 627 2930 670 2980; x_wconf 81' lang='grc'>15.</span> <span class='ocrx_word' id='word_1_206' title='bbox 697 2928 860 2999; x_wconf 74' lang='grc' dir='ltr'><em>ίνβραγχίάες</em></span> <span class='ocrx_word' id='word_1_207' title='bbox 879 2926 907 2979; x_wconf 91' lang='lat' dir='ltr'>C.</span> 
     </span>
    </p>
   </div>
   <div class='ocr_carea' id='block_1_4' title="bbox 50 3186 1252 4300">
    <p class='ocr_par' dir='ltr' id='par_1_4' title="bbox 143 3186 1197 3442">
     <span class='ocr_line' id='line_1_25' title="bbox 145 3186 1196 3268; baseline -0.004 -25"><span class='ocrx_word' id='word_1_208' title='bbox 145 3197 172 3243; x_wconf 90' lang='lat' dir='ltr'>et</span> <span class='ocrx_word' id='word_1_209' title='bbox 190 3186 365 3246; x_wconf 75' lang='lat' dir='ltr'>intellectuali</span> <span class='ocrx_word' id='word_1_210' title='bbox 382 3188 538 3266; x_wconf 80' lang='lat' dir='ltr'>longissime</span> <span class='ocrx_word' id='word_1_211' title='bbox 551 3192 655 3247; x_wconf 70' lang='lat' dir='ltr'>absunt</span> <span class='ocrx_word' id='word_1_212' title='bbox 700 3189 907 3268; x_wconf 86' lang='lat' dir='ltr'>unumquodque</span> <span class='ocrx_word' id='word_1_213' title='bbox 919 3197 1007 3244; x_wconf 89' lang='lat' dir='ltr'>autem</span> <span class='ocrx_word' id='word_1_214' title='bbox 1019 3195 1196 3242; x_wconf 84' lang='lat' dir='ltr'>consentanee</span> 
     </span>
     <span class='ocr_line' id='line_1_26' title="bbox 144 3271 1196 3355; baseline -0.004 -26"><span class='ocrx_word' id='word_1_215' title='bbox 144 3284 271 3351; x_wconf 78' lang='lat' dir='ltr'>operatur</span> <span class='ocrx_word' id='word_1_216' title='bbox 289 3274 323 3330; x_wconf 89' lang='lat' dir='ltr'>ad</span> <span class='ocrx_word' id='word_1_217' title='bbox 340 3287 460 3333; x_wconf 83' lang='lat' dir='ltr'>naturam</span> <span class='ocrx_word' id='word_1_218' title='bbox 479 3298 558 3354; x_wconf 78' lang='lat' dir='ltr'>qsaam</span> <span class='ocrx_word' id='word_1_219' title='bbox 576 3285 619 3332; x_wconf 88' lang='lat' dir='ltr'>est</span> <span class='ocrx_word' id='word_1_220' title='bbox 631 3286 751 3343; x_wconf 75' lang='lat' dir='ltr'>nsctrsm3</span> <span class='ocrx_word' id='word_1_221' title='bbox 770 3287 797 3333; x_wconf 87' lang='lat' dir='ltr'>et</span> <span class='ocrx_word' id='word_1_222' title='bbox 808 3273 921 3355; x_wconf 83' lang='lat' dir='ltr'>proinde</span> <span class='ocrx_word' id='word_1_223' title='bbox 933 3274 1044 3351; x_wconf 89' lang='lat' dir='ltr'>spiritus</span> <span class='ocrx_word' id='word_1_224' title='bbox 1057 3275 1103 3348; x_wconf 86' lang='lat' dir='ltr'>qni</span> <span class='ocrx_word' id='word_1_225' title='bbox 1116 3293 1130 3326; x_wconf 84' lang='lat' dir='ltr'>a</span> <span class='ocrx_word' id='word_1_226' title='bbox 1143 3271 1196 3326; x_wconf 91' lang='lat' dir='ltr'>diis</span> 
     </span>
     <span class='ocr_line' id='line_1_27' title="bbox 143 3355 1197 3442; baseline -0.006 -26"><span class='ocrx_word' id='word_1_227' title='bbox 143 3361 219 3416; x_wconf 91' lang='lat' dir='ltr'>missi</span> <span class='ocrx_word' id='word_1_228' title='bbox 237 3363 375 3418; x_wconf 77' lang='lat' dir='ltr'>concitant</span> <span class='ocrx_word' id='word_1_229' title='bbox 393 3366 466 3419; x_wconf 90' lang='lat' dir='ltr'>etin</span> <span class='ocrx_word' id='word_1_230' title='bbox 484 3373 576 3442; x_wconf 87' lang='lat' dir='ltr'>raptus</span> <span class='ocrx_word' id='word_1_231' title='bbox 594 3362 717 3420; x_wconf 85' lang='lat' dir='ltr'>homines</span> <span class='ocrx_word' id='word_1_232' title='bbox 738 3361 905 3441; x_wconf 84' lang='lat' dir='ltr'>propellunt,</span> <span class='ocrx_word' id='word_1_233' title='bbox 928 3378 1034 3414; x_wconf 85' lang='lat' dir='ltr'>omnem</span> <span class='ocrx_word' id='word_1_234' title='bbox 1056 3355 1197 3412; x_wconf 85' lang='lat' dir='ltr'>humanam</span> 
     </span>
    </p>

    <p class='ocr_par' dir='ltr' id='par_1_5' title="bbox 50 3444 1198 3773">
     <span class='ocr_line' id='line_1_28' title="bbox 50 3444 1198 3524; baseline -0.003 -24"><span class='ocrx_word' id='word_1_235' title='bbox 50 3446 57 3460; x_wconf 72' lang='lat'>¹</span> <span class='ocrx_word' id='word_1_236' title='bbox 144 3455 171 3500; x_wconf 88' lang='lat' dir='ltr'>ct</span> <span class='ocrx_word' id='word_1_237' title='bbox 188 3444 329 3524; x_wconf 83' lang='lat' dir='ltr'>physicam</span> <span class='ocrx_word' id='word_1_238' title='bbox 347 3451 492 3505; x_wconf 86' lang='lat' dir='ltr'>motionem</span> <span class='ocrx_word' id='word_1_239' title='bbox 509 3449 543 3505; x_wconf 86' lang='lat' dir='ltr'>ab</span> <span class='ocrx_word' id='word_1_240' title='bbox 560 3451 637 3505; x_wconf 91' lang='lat' dir='ltr'>initio</span> <span class='ocrx_word' id='word_1_241' title='bbox 657 3451 780 3515; x_wconf 78' lang='lat' dir='ltr'>eliciunt3</span> <span class='ocrx_word' id='word_1_242' title='bbox 803 3468 890 3524; x_wconf 86' lang='lat' dir='ltr'>neque</span> <span class='ocrx_word' id='word_1_243' title='bbox 913 3465 1027 3522; x_wconf 83' lang='lat' dir='ltr'>aequum</span> <span class='ocrx_word' id='word_1_244' title='bbox 1045 3453 1087 3499; x_wconf 89' lang='lat' dir='ltr'>est</span> <span class='ocrx_word' id='word_1_245' title='bbox 1106 3461 1198 3498; x_wconf 87' lang='lat' dir='ltr'>corum</span> 
     </span>
     <span class='ocr_line' id='line_1_29' title="bbox 144 3528 1197 3612; baseline -0.003 -26"><span class='ocrx_word' id='word_1_246' title='bbox 144 3535 313 3610; x_wconf 79' lang='lat' dir='ltr'>operationes</span> <span class='ocrx_word' id='word_1_247' title='bbox 331 3553 392 3589; x_wconf 89' lang='lat' dir='ltr'>cnm</span> <span class='ocrx_word' id='word_1_248' title='bbox 410 3534 470 3590; x_wconf 82' lang='lat' dir='ltr'>aliis</span> <span class='ocrx_word' id='word_1_249' title='bbox 488 3555 557 3612; x_wconf 83' lang='lat' dir='ltr'>quae</span> <span class='ocrx_word' id='word_1_250' title='bbox 573 3545 667 3591; x_wconf 85' lang='lat' dir='ltr'>nostro</span> <span class='ocrx_word' id='word_1_251' title='bbox 686 3554 760 3590; x_wconf 91' lang='lat' dir='ltr'>more</span> <span class='ocrx_word' id='word_1_252' title='bbox 779 3533 868 3590; x_wconf 89' lang='lat' dir='ltr'>solent</span> <span class='ocrx_word' id='word_1_253' title='bbox 884 3534 944 3588; x_wconf 87' lang='lat' dir='ltr'>fieri</span> <span class='ocrx_word' id='word_1_254' title='bbox 963 3549 1125 3608; x_wconf 84' lang='lat' dir='ltr'>comparare,</span> <span class='ocrx_word' id='word_1_255' title='bbox 1149 3528 1197 3584; x_wconf 87' lang='lat' dir='ltr'>sed</span> 
     </span>
     <span class='ocr_line' id='line_1_30' title="bbox 144 3616 1198 3698; baseline -0.002 -25"><span class='ocrx_word' id='word_1_256' title='bbox 144 3618 178 3673; x_wconf 91' lang='lat' dir='ltr'>ad</span> <span class='ocrx_word' id='word_1_257' title='bbox 196 3617 301 3673; x_wconf 82' lang='lat' dir='ltr'>divinos</span> <span class='ocrx_word' id='word_1_258' title='bbox 320 3638 412 3675; x_wconf 82' lang='lat' dir='ltr'>causas</span> <span class='ocrx_word' id='word_1_259' title='bbox 431 3641 500 3696; x_wconf 81' lang='lat' dir='ltr'>qnae</span> <span class='ocrx_word' id='word_1_260' title='bbox 516 3638 629 3698; x_wconf 89' lang='lat' dir='ltr'>prorsus</span> <span class='ocrx_word' id='word_1_261' title='bbox 647 3619 773 3676; x_wconf 83' lang='lat' dir='ltr'>differunt</span> <span class='ocrx_word' id='word_1_262' title='bbox 791 3638 912 3696; x_wconf 83' lang='lat' dir='ltr'>quaeque</span> <span class='ocrx_word' id='word_1_263' title='bbox 923 3616 972 3674; x_wconf 81' lang='lat' dir='ltr'>has</span> <span class='ocrx_word' id='word_1_264' title='bbox 983 3617 1124 3675; x_wconf 85' lang='lat' dir='ltr'>inferiores</span> <span class='ocrx_word' id='word_1_265' title='bbox 1137 3634 1198 3693; x_wconf 87' lang='lat' dir='ltr'>ope-</span> 
     </span>
     <span class='ocr_line' id='line_1_31' title="bbox 144 3704 645 3773; baseline 0 -13"><span class='ocrx_word' id='word_1_266' title='bbox 144 3704 229 3760; x_wconf 89' lang='lat' dir='ltr'>rando</span> <span class='ocrx_word' id='word_1_267' title='bbox 247 3713 424 3773; x_wconf 72' lang='lat' dir='ltr'>antevertant,</span> <span class='ocrx_word' id='word_1_268' title='bbox 442 3705 543 3761; x_wconf 85' lang='lat' dir='ltr'>referre</span> <span class='ocrx_word' id='word_1_269' title='bbox 560 3705 645 3762; x_wconf 87' lang='lat' dir='ltr'>decet.</span> 
     </span>
    </p>

    <p class='ocr_par' dir='ltr' id='par_1_6' title="bbox 145 3788 1252 4300">
     <span class='ocr_line' id='line_1_32' title="bbox 217 3788 1198 3866; baseline -0.002 -20"><span class='ocrx_word' id='word_1_270' title='bbox 217 3788 293 3846; x_wconf 86' lang='lat' dir='ltr'>Talis</span> <span class='ocrx_word' id='word_1_271' title='bbox 312 3791 392 3866; x_wconf 77' lang='lat' dir='ltr'>igitur</span> <span class='ocrx_word' id='word_1_272' title='bbox 410 3801 451 3847; x_wconf 86' lang='lat' dir='ltr'>ost</span> <span class='ocrx_word' id='word_1_273' title='bbox 469 3801 497 3848; x_wconf 89' lang='lat' dir='ltr'>et</span> <span class='ocrx_word' id='word_1_274' title='bbox 513 3790 566 3848; x_wconf 90' lang='lat' dir='ltr'>hoc</span> <span class='ocrx_word' id='word_1_275' title='bbox 583 3790 664 3848; x_wconf 89' lang='lat' dir='ltr'>modo</span> <span class='ocrx_word' id='word_1_276' title='bbox 683 3791 789 3847; x_wconf 84' lang='lat' dir='ltr'>divinae</span> <span class='ocrx_word' id='word_1_277' title='bbox 807 3789 838 3844; x_wconf 91' lang='lat' dir='ltr'>lit</span> <span class='ocrx_word' id='word_1_278' title='bbox 856 3789 1042 3864; x_wconf 75' lang='lat' dir='ltr'>inspirationis</span> <span class='ocrx_word' id='word_1_279' title='bbox 1064 3809 1116 3846; x_wconf 83' lang='lat' dir='ltr'>una</span> <span class='ocrx_word' id='word_1_280' title='bbox 1139 3792 1198 3865; x_wconf 86' lang='lat' dir='ltr'>spe·</span> 
     </span>
     <span class='ocr_line' id='line_1_33' title="bbox 146 3868 1252 3955; baseline -0.008 -21"><span class='ocrx_word' id='word_1_281' title='bbox 146 3881 209 3934; x_wconf 86' lang='lat' dir='ltr'>cies.</span> <span class='ocrx_word' id='word_1_282' title='bbox 259 3876 310 3932; x_wconf 86' lang='lat' dir='ltr'>alia</span> <span class='ocrx_word' id='word_1_283' title='bbox 326 3879 446 3937; x_wconf 77' lang='lat' dir='ltr'>vaticinii</span> <span class='ocrx_word' id='word_1_284' title='bbox 464 3877 550 3934; x_wconf 84' lang='lat' dir='ltr'>divini</span> <span class='ocrx_word' id='word_1_285' title='bbox 567 3879 673 3955; x_wconf 88' lang='lat' dir='ltr'>species</span> <span class='ocrx_word' id='word_1_286' title='bbox 691 3887 781 3932; x_wconf 80' lang='lat' dir='ltr'>estes</span> <span class='ocrx_word' id='word_1_287' title='bbox 799 3894 867 3952; x_wconf 82' lang='lat' dir='ltr'>quae</span> <span class='ocrx_word' id='word_1_288' title='bbox 883 3893 934 3952; x_wconf 92' lang='lat' dir='ltr'>per</span> <span class='ocrx_word' id='word_1_289' title='bbox 951 3874 1087 3932; x_wconf 80' lang='lat' dir='ltr'>oraculum</span> <span class='ocrx_word' id='word_1_290' title='bbox 1099 3875 1138 3941; x_wconf 69' lang='lat' dir='ltr'>fit,</span> <span class='ocrx_word' id='word_1_291' title='bbox 1157 3894 1198 3929; x_wconf 90' lang='lat' dir='ltr'>ce·</span> <span class='ocrx_word' id='word_1_292' title='bbox 1218 3868 1252 3926; x_wconf 97' lang='lat' dir='ltr'>ll</span> 
     </span>
     <span class='ocr_line' id='line_1_34' title="bbox 146 3959 1198 4040; baseline -0.002 -24"><span class='ocrx_word' id='word_1_293' title='bbox 146 3962 230 4019; x_wconf 91' lang='lat' dir='ltr'>lehris</span> <span class='ocrx_word' id='word_1_294' title='bbox 249 3962 295 4020; x_wconf 88' lang='lat' dir='ltr'>illa</span> <span class='ocrx_word' id='word_1_295' title='bbox 314 3963 421 4040; x_wconf 89' lang='lat' dir='ltr'>quidem</span> <span class='ocrx_word' id='word_1_296' title='bbox 439 3973 467 4019; x_wconf 90' lang='lat' dir='ltr'>et</span> <span class='ocrx_word' id='word_1_297' title='bbox 484 3961 518 4018; x_wconf 86' lang='lat' dir='ltr'>ah</span> <span class='ocrx_word' id='word_1_298' title='bbox 536 3963 659 4018; x_wconf 87' lang='lat' dir='ltr'>omnihus</span> <span class='ocrx_word' id='word_1_299' title='bbox 678 3962 765 4038; x_wconf 82' lang='lat' dir='ltr'>agnita</span> <span class='ocrx_word' id='word_1_300' title='bbox 783 3970 810 4017; x_wconf 93' lang='lat' dir='ltr'>et</span> <span class='ocrx_word' id='word_1_301' title='bbox 828 3959 981 4039; x_wconf 80' lang='lat' dir='ltr'>multiplex,</span> <span class='ocrx_word' id='word_1_302' title='bbox 1003 3961 1038 4018; x_wconf 91' lang='lat' dir='ltr'>de</span> <span class='ocrx_word' id='word_1_303' title='bbox 1062 3983 1112 4038; x_wconf 85' lang='lat' dir='ltr'>qua</span> <span class='ocrx_word' id='word_1_304' title='bbox 1135 3959 1198 4015; x_wconf 84' lang='lat' dir='ltr'>talia</span> 
     </span>
     <span class='ocr_line' id='line_1_35' title="bbox 145 4043 1199 4127; baseline -0.006 -23"><span class='ocrx_word' id='word_1_305' title='bbox 145 4048 260 4126; x_wconf 85' lang='lat' dir='ltr'>profers.</span> <span class='ocrx_word' id='word_1_306' title='bbox 309 4049 391 4127; x_wconf 81' lang='lat' dir='ltr'>aliqui</span> <span class='ocrx_word' id='word_1_307' title='bbox 409 4069 474 4106; x_wconf 85' lang='lat' dir='ltr'>vero</span> <span class='ocrx_word' id='word_1_308' title='bbox 493 4059 556 4105; x_wconf 90' lang='lat' dir='ltr'>sunt</span> <span class='ocrx_word' id='word_1_309' title='bbox 574 4050 621 4124; x_wconf 84' lang='lat' dir='ltr'>qni</span> <span class='ocrx_word' id='word_1_310' title='bbox 639 4067 734 4124; x_wconf 82' lang='lat' dir='ltr'>aquam</span> <span class='ocrx_word' id='word_1_311' title='bbox 750 4046 853 4117; x_wconf 74' lang='lat' dir='ltr'>bibunt7</span> <span class='ocrx_word' id='word_1_312' title='bbox 873 4047 1094 4124; x_wconf 83' lang='lat' dir='ltr'>quemadmodum</span> <span class='ocrx_word' id='word_1_313' title='bbox 1106 4049 1134 4100; x_wconf 93' lang='lat' dir='ltr'>in</span> <span class='ocrx_word' id='word_1_314' title='bbox 1147 4043 1199 4100; x_wconf 87' lang='lat' dir='ltr'>Co-</span> 
     </span>
     <span class='ocr_line' id='line_1_36' title="bbox 147 4129 1199 4213; baseline -0.006 -22"><span class='ocrx_word' id='word_1_315' title='bbox 147 4135 267 4213; x_wconf 89' lang='lat' dir='ltr'>lophonc</span> <span class='ocrx_word' id='word_1_316' title='bbox 285 4134 372 4192; x_wconf 85' lang='lat' dir='ltr'>Clarii</span> <span class='ocrx_word' id='word_1_317' title='bbox 391 4134 531 4203; x_wconf 85' lang='lat' dir='ltr'>sacerdos,</span> <span class='ocrx_word' id='word_1_318' title='bbox 555 4134 600 4190; x_wconf 82' lang='lat' dir='ltr'>alii</span> <span class='ocrx_word' id='word_1_319' title='bbox 625 4134 657 4191; x_wconf 83' lang='lat' dir='ltr'>ad</span> <span class='ocrx_word' id='word_1_320' title='bbox 676 4154 706 4191; x_wconf 84' lang='lat' dir='ltr'>os</span> <span class='ocrx_word' id='word_1_321' title='bbox 729 4137 799 4191; x_wconf 85' lang='lat' dir='ltr'>antri</span> <span class='ocrx_word' id='word_1_322' title='bbox 817 4135 925 4203; x_wconf 86' lang='lat' dir='ltr'>sedent,</span> <span class='ocrx_word' id='word_1_323' title='bbox 948 4144 978 4190; x_wconf 90' lang='lat' dir='ltr'>ut</span> <span class='ocrx_word' id='word_1_324' title='bbox 1000 4153 1066 4210; x_wconf 86' lang='lat' dir='ltr'>quac</span> <span class='ocrx_word' id='word_1_325' title='bbox 1083 4129 1199 4208; x_wconf 79' lang='lat' dir='ltr'>Delphis</span> 
     </span>
     <span class='ocr_line' id='line_1_37' title="bbox 147 4214 1199 4300; baseline -0.004 -22"><span class='ocrx_word' id='word_1_326' title='bbox 147 4224 319 4290; x_wconf 74' lang='lat' dir='ltr'>vaticinatur,</span> <span class='ocrx_word' id='word_1_327' title='bbox 343 4221 389 4278; x_wconf 81' lang='lat' dir='ltr'>alii</span> <span class='ocrx_word' id='word_1_328' title='bbox 408 4223 536 4299; x_wconf 78' lang='lat' dir='ltr'>ex&#39;aquis</span> <span class='ocrx_word' id='word_1_329' title='bbox 553 4241 680 4300; x_wconf 74' lang='lat' dir='ltr'>vaporem</span> <span class='ocrx_word' id='word_1_330' title='bbox 697 4221 834 4291; x_wconf 72' lang='lat' dir='ltr'>hauriunt,</span> <span class='ocrx_word' id='word_1_331' title='bbox 857 4233 887 4281; x_wconf 90' lang='lat' dir='ltr'>ut</span> <span class='ocrx_word' id='word_1_332' title='bbox 906 4241 973 4297; x_wconf 84' lang='lat' dir='ltr'>quae</span> <span class='ocrx_word' id='word_1_333' title='bbox 995 4223 1023 4275; x_wconf 90' lang='lat' dir='ltr'>in</span> <span class='ocrx_word' id='word_1_334' title='bbox 1041 4214 1199 4274; x_wconf 86' lang='lat' dir='ltr'>Branchidis</span> 
     </span>
    </p>
   </div>
   <div class='ocr_carea' id='block_1_5' title="bbox 0 0 1399 4876">
    <p class='ocr_par' dir='ltr' id='par_1_7' title="bbox 0 0 1399 4876">
     <span class='ocr_line' id='line_1_38' title="bbox 0 0 1399 4876; baseline 0 0"><span class='ocrx_word' id='word_1_335' title='bbox 0 0 1399 4876; x_wconf 95' lang='lat' dir='ltr'> </span> 
     </span>
    </p>
   </div>
  </div>
 </body>
</html>
