2776 4876
211 351 238 416 3,
249 353 284 404 311
1217 355 1269 409 173

212 503 300 591 λόγῳ
323 501 428 592 ῥητὸν
450 501 524 572 orire
547 510 630 594 ἔργῳ
654 503 804 597 φορητὸν
826 511 919 575 ἔσται
941 505 979 573 τὸ
1002 505 1137 575 ἀτοπον.
1176 508 1268 576 οὐδέ-

212 642 293 684 ποτε
316 613 381 707 γάρ
411 616 456 694 είς
485 612 547 698 την
575 614 733 698 τοιαύτην
760 613 871 708 φνχην
899 616 1077 709 ἐπιλάμφει
1105 644 1154 698 τις
1182 619 1267 706 αὐγὴ

177 745 191 794 a
212 733 310 796 θεία·
333 725 407 796 οὔτε
430 724 494 816 γάρ
517 735 659 817 πέφυκεν
682 731 878 796 ἐνδίδοσθαι
901 729 982 819 αὐτῇ
1006 742 1076 808 τοῖς
1098 727 1188 812 ἅπαξ
1209 731 1267 798 ἀν-

204 839 452 928 ’τιδρασθεῖσιη
483 837 558 907 οὔτε
581 845 645 927 ἔχει
662 839 776 928 χώραν
804 847 849 919 είς
871 837 912 922 ἣν
935 840 1067 922 δέξηται
1095 841 1198 924 αὐτην
1225 839 1268 909 τά

210 949 413 1038 κατεχόμενα
433 947 498 1018 nat
521 957 586 1018 τῶν
608 956 776 1019 σκιοειδάν
798 953 1062 1044 φαντασμάτων·
1085 967 1191 1032 σκιαῖς
1206 946 1267 1021 οὖν

177 1070 365 1132 θσννίσται
391 1065 593 1140 πολλοσταῖς
622 1060 689 1129 ἀπὸ
718 1066 777 1144 τῆς
805 1062 971 1144 ἀληθείας
1006 1063 1027 1146 ἡ
1063 1063 1174 1132 τοιάδε
1203 1070 1267 1133 τῶν

142 1254 144 1259 ,
212 1172 461 1267 φαντασμάτων
483 1177 752 1261 θαυματουργία.

298 1283 397 1354 Ἀλλά
419 1289 669 1375 παρατηροῦσιν
692 1279 791 1366 οὗτοι,
814 1292 906 1378 φησί,
935 1287 996 1370 τὴν
1018 1293 1082 1355 τῶν
1104 1288 1266 1377 οὐρανίων
1283 1289 1324 1349 3⁰

176 1414 192 1466 9
211 1396 330 1491 φοράν,
351 1401 407 1464 καὶ
429 1400 560 1483 λέγουσι
582 1401 671 1474 τίνος
694 1402 758 1464 τῶν
780 1397 852 1463 κατ’
869 1396 1013 1487 οὐρανὸν
1034 1395 1119 1484 μετά
1140 1395 1267 1483 τίνοςῆ

210 1514 308 1577 τίνων
330 1506 528 1585 πολεάοντος
551 1511 643 1575 ἔσται
663 1511 770 1600 ψευδῆ
793 1506 836 1575 τά
856 1522 996 1597 μαντεῖα
1018 1506 1041 1592 ἢ
1063 1510 1188 1593 ἀληθῆ,
1211 1515 1267 1578 καὶ

209 1616 253 1687 τά
275 1618 428 1710 δρώμενα
452 1614 540 1709 ἀρμά
564 1615 587 1700 ἢ
608 1615 832 1704 άπαμμελτικά
854 1617 876 1702 ἢ
898 1620 1142 1691 ἀποτελεστικοί.
1188 1620 1261 1689 ἀλλ’

157 1744 192 1794 12
211 1731 291 1800 οάδὲ
314 1729 440 1800 τούτων
462 1737 555 1797 ἕνεκα
578 1731 640 1813 ἕξει
661 1729 705 1797 τά
727 1729 953 1822 φαντάσματα
976 1739 1081 1801 ταῦτα
1103 1730 1142 1800 τὸ
1157 1736 1265 1800 θεῖον.

209 1847 266 1910 καὶ
288 1837 352 1933 γάρ
375 1839 417 1909 τά
439 1845 564 1929 ἔσχατα
586 1846 651 1910 τῶν
673 1849 708 1910 ἐν
730 1848 770 1935 τῇ
792 1848 915 1928 γενέσει
929 1855 1066 1911 κινεῖται
1080 1857 1150 1922 τοῖς
1165 1844 1266 1932 οάρα-

208 1959 293 2034 νίοις
315 1953 452 2044 δρόμοις
473 1957 529 2021 καὶ
552 1951 736 2040 σομπάσχει
758 1952 841 2040 πρὸς
863 1948 923 2032 τάς
938 1955 995 2021 ἀπ’
1012 1955 1121 2022 αὐτῶν
1135 1953 1265 2023 κατιού-

156 2085 190 2135 15
210 2087 273 2143 σας
294 2063 494 2154 ἀπορροίας·
518 2064 558 2132 οὐ
579 2072 647 2153 μὴν
669 2060 755 2131 ἀλλά
778 2070 833 2133 καὶ
856 2065 885 2133 εί
904 2090 953 2144 τις
976 2062 1062 2134 αὐτὰ
1083 2066 1152 2152 μετ’
1174 2066 1265 2154 ἀκρι-

207 2178 302 2262 βείας
324 2181 547 2271 ἐπισκέψαιτο,
570 2175 733 2243 τάναντία
748 2174 872 2243 τούτων
887 2176 1126 2246 ἀποδείκνυσιν.
1162 2176 1264 2267 ἀμάρ

280 2447 340 2500 di.
368 2441 604 2518 ἀντιδρασθεῐσιν]
623 2444 804 2508 sichbenius,
823 2440 1020 2516 ἀντιδροθεῖσιν
1039 2446 1073 2511 D,
1090 2439 1265 2518 ἀντιδροθεῑ-

278 2552 320 2586 σιν
337 2532 372 2584 0.
416 2542 419 2549 “
448 2531 474 2584 4.
502 2528 621 2601 sitimus]
640 2531 675 2583 sic
695 2531 747 2593 AG,
775 2534 876 2590 δέξεται
894 2532 927 2583 0.
1005 2534 1032 2583 5.
1058 2531 1208 2599 σκιοειδῶν]
1228 2532 1263 2584 sic

278 2619 359 2682 ACD,
378 2615 539 2672 σκιάδωνΟ.
612 2619 636 2669 11.
665 2615 1057 2684 πολλοσταῖςῙπολλαΐςΑΟΙ).
1129 2620 1154 2670 8.
1183 2616 1263 2689 φησί]

279 2703 331 2778 φῇς
350 2705 383 2758 0.
496 2704 519 2756 9.
546 2702 632 2774 μετὰ]
652 2703 687 2755 sic
705 2704 740 2768 D,
767 2703 834 2773 μήτε
853 2705 885 2759 0.
937 2741 940 2745 ·
999 2705 1044 2757 10.
1072 2702 1132 2771 sui]
1152 2704 1262 2767 sicAD,

276 2788 347 2860 ἢΟ.
451 2793 493 2845 12.
521 2790 570 2849 ἳξει
587 2793 614 2857 τί
631 2791 668 2844 τὰ
687 2789 767 2844 Act).
792 2784 805 2859 ΙΙ
827 2791 859 2843 τὸ
878 2810 927 2842 um.
950 2788 1002 2842 AC.
1105 2793 1146 2844 15.
1175 2785 1263 2862 ἀπορ-

277 2879 337 2948 dieu
354 2877 387 2928 D.
461 2878 501 2930 16.
529 2880 701 2944 1πισχ1ψαιτο
720 2877 754 2929 D.
777 2870 791 2945 ΙΙ
813 2878 984 2931 ἐπιδείκνυσιν
1000 2878 1049 2929 ΑΙ)
1068 2877 1155 2931 Fesch.

206 3127 329 3186 posuere.
374 3109 400 3162 si
417 3126 482 3164 vern
500 3109 558 3163 istn'
569 3107 642 3164 idola
654 3117 795 3184 tamquam
812 3108 878 3166 deos
890 3108 989 3176 colant,
1008 3128 1057 3164 nec
1070 3106 1123 3163 dici
1136 3127 1186 3164 nec
1197 3107 1262 3165 ferri

206 3203 298 3272 potest
308 3203 382 3248 tantu
394 3192 554 3250 absurditas.
585 3214 719 3270 nunquam
732 3197 843 3251 enimin
856 3199 970 3253 unimam
980 3196 1059 3251 istem
1071 3193 1161 3250 divine
1174 3193 1262 3270 alique

207 3281 254 3338 lux
272 3279 498 3357 subingredietnr;
515 3300 603 3356 neque
621 3282 691 3337 enim
709 3290 779 3336 emat
796 3301 826 3337 ee
843 3281 982 3338 infundere
993 3282 1022 3336 in
1035 3300 1065 3335 ca
1078 3299 1146 3355 qune
1158 3280 1211 3336 sibi
1222 3300 1263 3336 re-

205 3377 331 3445 pugnant,
345 3386 431 3444 neque
443 3366 591 3444 recipiendi
603 3387 661 3422 eam
673 3369 789 3445 spatium
801 3366 900 3425 babent
912 3388 979 3445 quae
991 3366 1168 3422 tenebricosis
1180 3365 1263 3443 phan-

205 3457 326 3510 tasmatis
351 3451 515 3508 obsidentur.
565 3473 648 3529 quere
668 3454 735 3510 haec
757 3455 900 3531 imaginum
921 3454 1077 3532 prodigiose
1100 3452 1262 3527 compositio

206 3540 325 3595 tenebris
344 3538 561 3595 commiscebitur
579 3559 594 3594 a
611 3542 724 3596 veritate
741 3538 820 3616 longe
838 3543 957 3598 remotis.

277 3623 333 3680 Sed
351 3621 485 3679 idolorum
502 3623 617 3681 factores
636 3626 789 3692 observant,
808 3629 906 3703 inquis,
926 3626 1081 3683 caelestium
1099 3643 1214 3692 cursum,
1234 3633 1262 3680 et
1278 3617 1319 3677 311

206 3711 300 3768 dicunt
318 3728 369 3786 qua
387 3707 466 3764 stella
485 3729 545 3766 cum
563 3709 615 3766 eliu
633 3710 677 3768 vel
696 3709 756 3767 aliis
775 3722 951 3768 concurrente
968 3732 1031 3769 veru
1047 3712 1205 3789 provenient
1216 3709 1261 3766 vel

205 3796 271 3854 iulsu
291 3797 433 3862 vaticinia„
449 3804 477 3850 et
498 3816 533 3851 un
551 3797 675 3873 quueibi
692 3796 760 3852 fiunt
778 3800 867 3853 inanis
885 3808 947 3854 sunt
964 3818 998 3853 nn
1017 3807 1110 3855 contra
1128 3797 1261 3874 significa·

205 3886 261 3940 tiva
279 3892 306 3938 et
324 3879 451 3938 efficacia.
497 3881 670 3938 nibilominus
688 3902 738 3938 nec
755 3882 817 3938 ideo
829 3881 896 3939 bnec
907 3883 1091 3961 pbantnsmntn
1103 3882 1205 3959 aliquid
1216 3881 1261 3938 bu·

205 3968 306 4026 bebnnt
323 3971 352 4025 in
369 3988 401 4025 se
418 3967 512 4025 divini.
556 3987 618 4023 num
635 3969 762 4023 materiae
772 3988 840 4043 quae
856 3978 919 4025 sunt
931 3972 959 4026 in
971 3974 1140 4048 generatione
1151 3969 1260 4026 ultimae

205 4065 346 4112 morentur
364 4054 398 4111 ud
416 4055 546 4112 caelestes
564 4063 663 4122 motus,
677 4063 709 4110 et
726 4054 760 4110 ud
778 4053 887 4112 ultimos
905 4075 997 4113 eorum
1014 4058 1137 4115 defluxus
1150 4055 1260 4111 descen-

205 4141 300 4197 dentes
322 4144 526 4218 computiuntnr.
575 4142 711 4197 enimvero
734 4143 758 4197 ei
783 4145 843 4220 quis
866 4141 931 4200 buec
954 4155 1076 4202 accurate
1099 4140 1258 4209 consideret,

204 4229 295 4304 potius
313 4226 447 4284 'contrariu
465 4229 553 4285 omniu
571 4226 613 4284 bis
632 4226 822 4286 demonstrent.
868 4251 935 4306 quae
952 4232 1024 4286 enim
1036 4228 1102 4285 adeo
1115 4226 1193 4284 iucile
1204 4247 1260 4284 mu·
