2776 4876
218 335 270 390 lus
1198 332 1227 397 θ,
1239 335 1271 386 16

217 493 274 556 καὶ
296 487 318 569 ἡ
341 495 454 563 ένωσις
475 489 510 553 δὲ
532 489 588 553 καὶ
609 484 631 566 ἡ
654 483 850 572 συμπάθεια
871 489 931 552 τοῦ
958 480 1084 563 παντὸς
1104 488 1161 552 καὶ
1184 485 1205 567 ἡ
1228 485 1272 564 ὡς

217 598 273 690 ἐφ’
292 594 365 675 ἑνὸς
386 595 469 677 ζώου
492 601 678 683 συγκίνησις
700 600 766 663 τῶν
779 591 979 685 πορρωτάτω
995 598 1103 684 μερῶν
1119 594 1162 674 ὡς
1177 591 1272 681 έγγάς

217 706 330 788 ὅντων,
352 704 414 788 τὴν
435 710 500 775 τῶν
523 711 668 792 σημείων
689 705 813 776 τούτων
827 703 962 793 πομπὴν
977 712 1012 772 έκ
1027 710 1119 773 θεῶν
1133 704 1271 795 ἀνθρώ·
1289 722 1305 774 3

216 844 290 897 ποις
311 824 523 903 καταπέμπει,
546 814 602 884 ὃιά
624 821 684 886 τοῦ
707 818 850 904 οὐρανοῦ
864 822 925 903 μὲν
938 814 1073 907 πρώτως
1087 820 1197 884 ἔπειτα
1213 814 1270 884 διά

215 932 275 997 τοῦ
296 928 394 1018 ἀέρος
411 910 656 1019 χὲκφαιυομέυην
678 939 748 1007 τοῖς
769 926 964 1017 ἀνθρώποις
986 927 1030 1006 ὡς
1052 922 1182 996 οἷόντε
1203 926 1269 1014 μά-

216 1045 312 1107 λισεα
336 1041 563 1129 λαμπρότατα.
1246 1089 1248 1092 >
1287 1058 1304 1109 θ

305 1153 415 1232 Δῆλον
436 1151 478 1232 δὴ
501 1144 560 1220 οὖν
582 1149 638 1218 διά
659 1147 792 1218 πάντων
813 1153 879 1217 τῶν
901 1155 1078 1238 είρημένων
1099 1151 1268 1216 καὶτοῦτο

215 1268 356 1348 γέγονεν,
380 1261 424 1340 ὡς
446 1260 600 1350 ἀργάνοις
622 1268 734 1348 μέσοις
755 1264 891 1339 πολλοῖς
910 1265 942 1327 οἱ
959 1264 1038 1328 θεοὶ
1049 1255 1213 1347 χρώμενοι
1226 1256 1269 1330 τοί

216 1384 336 1458 σημεῖα
358 1384 427 1450 τοῖς
449 1371 644 1462 ἀνθρώποις
665 1377 889 1457 ἐπιπέμπουσι,
911 1369 1078 1456 δαιμόνων
1100 1393 1135 1436 τε
1150 1368 1303 1457 ὑπηρε-ιι

214 1487 301 1560 σιἀις
331 1487 387 1549 καὶ
415 1488 531 1574 ψυχῶν
553 1488 611 1552 καὶ
633 1487 692 1565 τῆς
722 1480 849 1574 φύσεως
877 1479 963 1563 ὅλης,
982 1478 1159 1569 χρώμενοι,
1185 1483 1269 1547 πάσί

214 1618 248 1660 τε
271 1597 437 1679 τοῖςπερὶ
459 1590 517 1661 τὸν
539 1592 666 1682 κόσμον
688 1598 822 1672 ἐκείνοις
843 1592 1073 1660 ἀκολουθοῦσι
1085 1588 1171 1658 κατά
1185 1595 1269 1675 μίαν

213 1702 320 1791 ἀρχὴν
341 1701 551 1789 ἐξηγούμενοι
573 1709 629 1772 καὶ
651 1705 795 1782 ἀνιέντες
814 1697 876 1783 τὴν
891 1701 949 1768 ἀπ’
965 1703 1074 1771 αὐτῶν
1088 1704 1269 1770 κατιοῦσαν
1286 1715 1320 1767 -12

213 1817 351 1896 κίνησιν,
367 1811 491 1906 ὅπῃπερ
506 1811 549 1880 ἀν
564 1818 734 1883 ἐθέλωσιν.
770 1813 867 1881 αὐτοὶ
882 1812 924 1894 δή
940 1807 999 1882 οὖν
1010 1814 1167 1900 χωριστοὶ
1183 1809 1268 1879 πάν-

215 1950 280 1992 των
308 1928 364 1992 καί
392 1927 630 2011 ἀπολελυμένοι
657 1929 715 2006 τῆς
743 1929 882 2012 σχέσεως
908 1929 965 1991 καί
1000 1921 1182 2003 συντάξεως
1209 1927 1268 2005 τῆς

213 2031 297 2122 πρὸς
318 2033 380 2117 τὴν
401 2043 527 2122 γένεσιν
549 2031 667 2121 ἀγουσι
688 2033 801 2101 πάντα
824 2042 859 2103 έν
881 2038 921 2127 τῇ
941 2041 1065 2119 γενέσει
1092 2037 1149 2100 καὶ
1171 2032 1268 2123 (γύσει
1287 2056 1320 2107 15

214 2143 300 2213 κατά
323 2142 385 2226 τὴν
408 2151 529 2215 οἰκείαν
551 2145 720 2233 βούλησιν.
764 2141 835 2226 ἥκει
857 2142 899 2226 δὴ
929 2138 989 2212 οὖν
1018 2153 1063 2223 εὶς
1091 2140 1193 2212 natiso*
1221 2148 1268 2229 τῷ

214 2261 273 2338 τῆς
294 2260 509 2346 δημιουργίας
531 2260 586 2323 καὶ
608 2261 767 2345 προνοίας
789 2261 854 2323 τῶν
877 2260 970 2324 θεῶν
985 2254 1142 2342 λόγονκαὶ
1159 2255 1177 2322 ὁ
1193 2263 1268 2343 περὶ

213 2373 274 2450 τῆς
296 2374 456 2454 μαντικῆς
478 2366 712 2454 ἀπολογισμός.
747 2366 786 2434 οά
808 2363 874 2456 γάρ
895 2371 1052 2435 καθέλοιει
1074 2365 1150 2435 οὐδὲ
1172 2358 1268 2444 οὗτος
1288 2382 1321 2438 18

286 2642 364 2693 4-6.
391 2636 759 2712 καταπέμπει-ἀνθρώποις
777 2659 828 2690 om.
848 2639 881 2692 0.
975 2641 1000 2691 5.
1027 2641 1216 2708 ίκφαινομίνου
1235 2639 1266 2690 D.

258 2777 261 2800 a
288 2727 368 2779 9.10.
398 2721 568 2797 ὑπηρεσίαις]
596 2725 630 2777 sic
650 2725 709 2788 AC,
735 2724 880 2797 ὖπερησίας
898 2725 931 2777 0.
1075 2724 1116 2777 10.
1145 2721 1216 2785 ὅλοις
1234 2726 1266 2776 Ι).

288 2813 328 2865 12.
355 2810 519 2880 ἐξητσάμενοι
538 2811 616 2866 BCD.
641 2805 653 2879 ΙΙ
677 2806 740 2876 ἀπ’]
760 2806 804 2865 ἀπ’
823 2811 856 2863 D.
937 2813 979 2863 14.
1006 2807 1070 2879 τῆς]
1089 2818 1145 2870 τοῖς
1162 2811 1197 2865 0.

216 3075 288 3131 versi
307 3082 334 3129 et
351 3075 428 3148 quasi
444 3075 523 3128 nnius
542 3074 660 3128 cuiusvis
678 3070 800 3127 animalis
824 3070 968 3127 cuncordia
990 3072 1019 3126 in
1041 3070 1166 3127 membris
1190 3073 1269 3126 etiam

216 3159 294 3234 longe
312 3158 483 3225 distantibus,
502 3178 532 3213 sc
551 3160 575 3213 si
592 3177 678 3236 prope
696 3167 795 3226 essent,
819 3159 899 3212 istam
916 3159 1053 3233 signorum
1069 3159 1241 3214 emissionem
1253 3177 1269 3210 ο

214 3244 270 3300 v(iiis
287 3243 460 3301 nilhominus
478 3244 608 3311 demittit,
631 3247 746 3322 primum
764 3241 872 3319 quidum
888 3263 938 3319 pes
955 3242 1073 3312 caelum,
1098 3242 1197 3300 deinde
1219 3263 1269 3320 per

215 3336 305 3387 utrem
321 3330 474 3387 hominibus
493 3349 572 3406 quam
590 3329 806 3387 manifestissime
823 3339 1003 3408 apparentum.

286 3415 369 3490 Quod
386 3419 467 3492 igitur
485 3415 523 3473 dii
541 3426 647 3473 utentes
665 3416 757 3473 multis
774 3417 855 3473 rebus
867 3426 1001 3492 tamquam
1017 3416 1122 3491 organis
1134 3416 1209 3490 signa
1221 3415 1269 3470 hu·

214 3502 330 3559 minibus
348 3503 476 3572 indicunt,
494 3522 529 3560 οι
547 3505 669 3560 omnibus
688 3524 755 3580 quae
773 3503 889 3563 diximus
907 3502 1077 3560 manifestum
1093 3511 1144 3557 est·
1191 3511 1269 3556 utun·

216 3597 260 3642 tur
277 3598 365 3645 autem
381 3591 531 3669 ministeriu
553 3599 610 3647 tum
633 3589 787 3666 angelorum
804 3598 862 3646 tum
879 3591 1026 3645 animarum
1042 3598 1100 3644 tum
1122 3589 1206 3644 totius
1224 3607 1268 3643 na-

215 3681 291 3728 tusne
312 3683 340 3729 st
363 3677 480 3731 omnium
502 3678 532 3731 in
554 3676 653 3732 mundo
677 3675 720 3732 his
742 3677 998 3753 obtemperantium,
1020 3677 1076 3753 ipsi
1098 3673 1267 3732 exaudientes

214 3767 348 3834 tamquam
365 3763 526 3839 principium
543 3763 667 3840 primum,
685 3772 713 3818 et
729 3782 745 3816 a
763 3782 793 3819 se
811 3762 846 3818 ad
862 3761 914 3818 ulia
930 3763 977 3818 ubi
995 3760 1091 3818 volunt
1107 3770 1210 3818 motum
1224 3760 1269 3818 de-

215 3844 388 3901 scendentem
405 3850 578 3906 traiicientes.
623 3849 677 3927 ipsi
695 3847 822 3905 abstracti
838 3859 903 3906 sunt
919 3850 953 3906 ab
971 3849 1103 3917 omnibus,
1121 3850 1175 3926 ipsi
1187 3845 1269 3904 soluti

216 3931 249 3988 nb
275 3933 349 3986 omni
379 3930 510 3990 relatione
537 3945 565 3990 st
590 3937 786 4012 compositione
813 3955 880 4012 quas
906 3939 935 3992 in
967 3936 1137 4013 generatione
1163 3952 1269 3992 versuu-

215 4027 266 4085 tur,
289 4017 391 4074 ducunt
415 4022 502 4075 omnia
524 4022 553 4075 in
575 4023 746 4096 generatione
767 4032 796 4078 et
817 4033 910 4080 ustura
932 4025 1006 4080 iuxta
1028 4021 1158 4099 placitum
1182 4039 1268 4076 sunm.

217 4103 431 4183 quampulchre
449 4105 666 4163 consentithuuc
683 4110 802 4165 vaticinii
825 4112 893 4166 ratio
916 4130 976 4166 cum
999 4108 1108 4187 opificio
1131 4117 1159 4163 et
1179 4108 1269 4185 pruvi-

216 4189 305 4248 denua
324 4192 442 4250 deorum.
488 4212 538 4248 nee
557 4195 627 4248 enim
645 4193 756 4252 deornm
774 4198 1027 4271 praestantissimam
1045 4204 1161 4251 montem
1179 4194 1212 4250 ad
1226 4213 1269 4250 res
