<?xml version="1.0" encoding="UTF-8"?>
<!DOCTYPE html PUBLIC "-//W3C//DTD XHTML 1.0 Transitional//EN"
    "http://www.w3.org/TR/xhtml1/DTD/xhtml1-transitional.dtd">
<html xmlns="http://www.w3.org/1999/xhtml" xml:lang="en" lang="en">
 <head>
  <title>
</title>
<meta http-equiv="Content-Type" content="text/html;charset=utf-8" />
  <meta name='ocr-system' content='tesseract 3.04.00' />
  <meta name='ocr-capabilities' content='ocr_page ocr_carea ocr_par ocr_line ocrx_word'/>
</head>
<body>
  <div class='ocr_page' id='page_1' title='image "./jamblichidemyst00jambgoog_0341.png"; bbox 0 0 2776 4876; ppageno 0'>
   <div class='ocr_carea' id='block_1_1' title="bbox 208 342 1267 406">
    <p class='ocr_par' dir='ltr' id='par_1_1' title="bbox 208 342 1267 406">
     <span class='ocr_line' id='line_1_1' title="bbox 208 342 1267 406; baseline -0.002 -10"><span class='ocrx_word' id='word_1_1' title='bbox 208 344 263 396; x_wconf 78' lang='lat'>202</span> <span class='ocrx_word' id='word_1_2' title='bbox 1053 397 1059 406; x_wconf 73' lang='grc'><strong><em>,</em></strong></span> <span class='ocrx_word' id='word_1_3' title='bbox 1212 342 1267 406; x_wconf 63' lang='lat' dir='ltr'>M</span> 
     </span>
    </p>
   </div>
   <div class='ocr_carea' id='block_1_2' title="bbox 194 477 1319 2252">
    <p class='ocr_par' dir='ltr' id='par_1_2' title="bbox 194 477 1319 2252">
     <span class='ocr_line' id='line_1_2' title="bbox 209 477 1269 587; baseline 0.001 -25"><span class='ocrx_word' id='word_1_4' title='bbox 209 499 351 587; x_wconf 80' lang='grc' dir='ltr'><strong><em>ψασθαλ</em></strong></span> <span class='ocrx_word' id='word_1_5' title='bbox 373 521 404 561; x_wconf 92' lang='grc' dir='ltr'>τι</span> <span class='ocrx_word' id='word_1_6' title='bbox 429 499 492 563; x_wconf 80' lang='grc' dir='ltr'><strong><em>τῶν</em></strong></span> <span class='ocrx_word' id='word_1_7' title='bbox 516 494 638 563; x_wconf 72' lang='grc' dir='ltr'><strong><em>ἐνάλιον</em></strong></span> <span class='ocrx_word' id='word_1_8' title='bbox 661 499 720 576; x_wconf 82' lang='grc' dir='ltr'><strong><em>τῆς</em></strong></span> <span class='ocrx_word' id='word_1_9' title='bbox 743 477 905 586; x_wconf 79' lang='grc' dir='ltr'><strong><em>σφετέρας</em></strong></span> <span class='ocrx_word' id='word_1_10' title='bbox 927 491 1095 580; x_wconf 82' lang='grc' dir='ltr'><strong><em>δυνάμεως</em></strong></span> <span class='ocrx_word' id='word_1_11' title='bbox 1109 490 1171 577; x_wconf 80' lang='grc' dir='ltr'><strong><em>τὴν</em></strong></span> <span class='ocrx_word' id='word_1_12' title='bbox 1184 493 1269 577; x_wconf 81' lang='grc' dir='ltr'><strong><em>ὕλην</em></strong></span> 
     </span>
     <span class='ocr_line' id='line_1_3' title="bbox 209 603 1269 699; baseline -0.002 -24"><span class='ocrx_word' id='word_1_13' title='bbox 209 609 347 699; x_wconf 71' lang='grc' dir='ltr'><strong><em>ἀναφεῖς</em></strong></span> <span class='ocrx_word' id='word_1_14' title='bbox 370 604 613 688; x_wconf 74' lang='grc' dir='ltr'><strong><em>ἀποκόπτουσις</em></strong></span> <span class='ocrx_word' id='word_1_15' title='bbox 642 611 698 674; x_wconf 85' lang='grc' dir='ltr'>καλ</span> <span class='ocrx_word' id='word_1_16' title='bbox 719 606 766 693; x_wconf 81' lang='grc' dir='ltr'>μη</span> <span class='ocrx_word' id='word_1_17' title='bbox 790 604 842 674; x_wconf 89' lang='grc' dir='ltr'>ὅτι</span> <span class='ocrx_word' id='word_1_18' title='bbox 865 606 885 687; x_wconf 80' lang='grc' dir='ltr'><em>ἡ</em></span> <span class='ocrx_word' id='word_1_19' title='bbox 909 603 1047 692; x_wconf 79' lang='grc' dir='ltr'><strong><em>δύναμις</em></strong></span> <span class='ocrx_word' id='word_1_20' title='bbox 1070 605 1179 673; x_wconf 80' lang='grc' dir='ltr'><strong><em>αὐτῶν</em></strong></span> <span class='ocrx_word' id='word_1_21' title='bbox 1206 606 1269 673; x_wconf 86' lang='grc' dir='ltr'>ἀν·</span> 
     </span>
     <span class='ocr_line' id='line_1_4' title="bbox 209 713 1306 808; baseline 0.002 -23"><span class='ocrx_word' id='word_1_22' title='bbox 209 729 295 808; x_wconf 87' lang='grc' dir='ltr'><strong><em>αιρεῖ</em></strong></span> <span class='ocrx_word' id='word_1_23' title='bbox 316 715 425 786; x_wconf 89' lang='grc' dir='ltr'><strong><em>πάντα</em></strong></span> <span class='ocrx_word' id='word_1_24' title='bbox 448 722 502 784; x_wconf 79' lang='grc' dir='ltr'>καὶ</span> <span class='ocrx_word' id='word_1_25' title='bbox 527 717 681 808; x_wconf 79' lang='grc' dir='ltr'><strong><em>ἀφανίζει</em></strong></span> <span class='ocrx_word' id='word_1_26' title='bbox 702 715 745 785; x_wconf 91' lang='grc' dir='ltr'><strong><em>τά</em></strong></span> <span class='ocrx_word' id='word_1_27' title='bbox 760 715 898 805; x_wconf 78' lang='grc' dir='ltr'><strong><em>σώματα</em></strong></span> <span class='ocrx_word' id='word_1_28' title='bbox 913 713 993 784; x_wconf 85' lang='grc' dir='ltr'><strong><em>ἀνευ</em></strong></span> <span class='ocrx_word' id='word_1_29' title='bbox 1008 722 1067 785; x_wconf 84' lang='grc' dir='ltr'><strong><em>τοῦ</em></strong></span> <span class='ocrx_word' id='word_1_30' title='bbox 1080 713 1164 807; x_wconf 84' lang='grc' dir='ltr'><strong><em>πρὸς</em></strong></span> <span class='ocrx_word' id='word_1_31' title='bbox 1179 715 1268 785; x_wconf 84' lang='grc' dir='ltr'>αὐτά</span> <span class='ocrx_word' id='word_1_32' title='bbox 1289 738 1306 788; x_wconf 86' lang='grc'>3</span> 
     </span>
     <span class='ocr_line' id='line_1_5' title="bbox 209 824 1270 917; baseline -0.002 -20"><span class='ocrx_word' id='word_1_33' title='bbox 209 828 373 910; x_wconf 74' lang='grc' dir='ltr'><strong><em>πελάζειν,</em></strong></span> <span class='ocrx_word' id='word_1_34' title='bbox 403 826 488 896; x_wconf 87' lang='grc' dir='ltr'>ἀλλά</span> <span class='ocrx_word' id='word_1_35' title='bbox 512 833 568 896; x_wconf 85' lang='grc' dir='ltr'>καὶ</span> <span class='ocrx_word' id='word_1_36' title='bbox 591 826 629 896; x_wconf 86' lang='grc' dir='ltr'><strong><em>τὸ</em></strong></span> <span class='ocrx_word' id='word_1_37' title='bbox 659 833 755 916; x_wconf 86' lang='grc' dir='ltr'><strong><em>σῶμα</em></strong></span> <span class='ocrx_word' id='word_1_38' title='bbox 785 826 822 897; x_wconf 83' lang='grc' dir='ltr'><strong><em>τὸ</em></strong></span> <span class='ocrx_word' id='word_1_39' title='bbox 853 827 1009 917; x_wconf 82' lang='grc' dir='ltr'><strong><em>οὐράνιον</em></strong></span> <span class='ocrx_word' id='word_1_40' title='bbox 1037 824 1177 915; x_wconf 81' lang='grc' dir='ltr'><strong><em>ἀμικτόν</em></strong></span> <span class='ocrx_word' id='word_1_41' title='bbox 1199 836 1270 898; x_wconf 75' lang='grc' dir='ltr'><strong><em>ἐστι</em></strong></span> 
     </span>
     <span class='ocr_line' id='line_1_6' title="bbox 208 933 1269 1030; baseline -0.002 -22"><span class='ocrx_word' id='word_1_42' title='bbox 208 939 291 1030; x_wconf 84' lang='grc' dir='ltr'><strong><em>πρὸς</em></strong></span> <span class='ocrx_word' id='word_1_43' title='bbox 314 939 423 1008; x_wconf 89' lang='grc' dir='ltr'><strong><em>πάντα</em></strong></span> <span class='ocrx_word' id='word_1_44' title='bbox 446 936 487 1007; x_wconf 88' lang='grc' dir='ltr'><strong><em>τά</em></strong></span> <span class='ocrx_word' id='word_1_45' title='bbox 509 937 605 1008; x_wconf 80' lang='grc' dir='ltr'><strong><em>ὑλικά</em></strong></span> <span class='ocrx_word' id='word_1_46' title='bbox 628 953 782 1028; x_wconf 84' lang='grc' dir='ltr'><strong><em>στοιχεῖα,</em></strong></span> <span class='ocrx_word' id='word_1_47' title='bbox 811 944 867 1007; x_wconf 87' lang='grc' dir='ltr'>καὶ</span> <span class='ocrx_word' id='word_1_48' title='bbox 890 936 964 1007; x_wconf 76' lang='grc' dir='ltr'><strong><em>οὔτε</em></strong></span> <span class='ocrx_word' id='word_1_49' title='bbox 986 933 1030 1006; x_wconf 88' lang='grc' dir='ltr'>ἀν</span> <span class='ocrx_word' id='word_1_50' title='bbox 1052 938 1134 1007; x_wconf 78' lang='grc' dir='ltr'><strong><em>αὐτὰ</em></strong></span> <span class='ocrx_word' id='word_1_51' title='bbox 1157 964 1269 1027; x_wconf 88' lang='grc' dir='ltr'><strong><em>παρα-</em></strong></span> 
     </span>
     <span class='ocr_line' id='line_1_7' title="bbox 209 1047 1304 1142; baseline -0.002 -22"><span class='ocrx_word' id='word_1_52' title='bbox 209 1051 338 1135; x_wconf 75' lang='grc' dir='ltr'><em>δέξαιτό</em></span> <span class='ocrx_word' id='word_1_53' title='bbox 361 1078 392 1119; x_wconf 92' lang='grc' dir='ltr'>τι</span> <span class='ocrx_word' id='word_1_54' title='bbox 415 1060 459 1132; x_wconf 78' lang='grc' dir='ltr'>εὶς</span> <span class='ocrx_word' id='word_1_55' title='bbox 480 1049 577 1120; x_wconf 77' lang='grc' dir='ltr'><strong><em>ἑαυτὸ</em></strong></span> <span class='ocrx_word' id='word_1_56' title='bbox 592 1055 658 1119; x_wconf 83' lang='grc' dir='ltr'><strong><em>τῶν</em></strong></span> <span class='ocrx_word' id='word_1_57' title='bbox 673 1051 808 1132; x_wconf 74' lang='grc' dir='ltr'><strong><em>ἔξωθεν,</em></strong></span> <span class='ocrx_word' id='word_1_58' title='bbox 831 1047 905 1119; x_wconf 77' lang='grc' dir='ltr'><strong><em>οὔτε</em></strong></span> <span class='ocrx_word' id='word_1_59' title='bbox 921 1047 963 1118; x_wconf 91' lang='grc' dir='ltr'>ἀν</span> <span class='ocrx_word' id='word_1_60' title='bbox 979 1050 1041 1142; x_wconf 81' lang='grc' dir='ltr'>ἀφ’</span> <span class='ocrx_word' id='word_1_61' title='bbox 1057 1055 1176 1119; x_wconf 80' lang='grc' dir='ltr'><strong><em>ἑαυτοῦ</em></strong></span> <span class='ocrx_word' id='word_1_62' title='bbox 1191 1049 1269 1118; x_wconf 88' lang='grc' dir='ltr'>τινά</span> <span class='ocrx_word' id='word_1_63' title='bbox 1288 1075 1304 1126; x_wconf 77' lang='grc' dir='ltr'>ε</span> 
     </span>
     <span class='ocr_line' id='line_1_8' title="bbox 209 1154 1268 1253; baseline -0.002 -22"><span class='ocrx_word' id='word_1_64' title='bbox 209 1167 281 1243; x_wconf 79' lang='grc' dir='ltr'><strong><em>δοίη</em></strong></span> <span class='ocrx_word' id='word_1_65' title='bbox 303 1175 426 1251; x_wconf 80' lang='grc' dir='ltr'><strong><em>μοῖραν</em></strong></span> <span class='ocrx_word' id='word_1_66' title='bbox 449 1172 494 1242; x_wconf 80' lang='grc' dir='ltr'>εἰς</span> <span class='ocrx_word' id='word_1_67' title='bbox 515 1160 557 1230; x_wconf 90' lang='grc' dir='ltr'><strong><em>τά</em></strong></span> <span class='ocrx_word' id='word_1_68' title='bbox 580 1161 748 1250; x_wconf 89' lang='grc' dir='ltr'><strong><em>ἀλλότρια.</em></strong></span> <span class='ocrx_word' id='word_1_69' title='bbox 792 1160 872 1230; x_wconf 89' lang='grc' dir='ltr'><strong><em>πότε</em></strong></span> <span class='ocrx_word' id='word_1_70' title='bbox 896 1154 955 1230; x_wconf 81' lang='grc' dir='ltr'>οὖν</span> <span class='ocrx_word' id='word_1_71' title='bbox 978 1161 1084 1248; x_wconf 82' lang='grc' dir='ltr'><strong><em>ἀτμός</em></strong></span> <span class='ocrx_word' id='word_1_72' title='bbox 1105 1188 1155 1242; x_wconf 85' lang='grc' dir='ltr'>τις</span> <span class='ocrx_word' id='word_1_73' title='bbox 1176 1168 1268 1253; x_wconf 82' lang='grc' dir='ltr'><strong><em>περί-</em></strong></span> 
     </span>
     <span class='ocr_line' id='line_1_9' title="bbox 208 1269 1268 1365; baseline 0 -23"><span class='ocrx_word' id='word_1_74' title='bbox 208 1300 308 1360; x_wconf 77' lang='grc' dir='ltr'><strong><em>γειος,</em></strong></span> <span class='ocrx_word' id='word_1_75' title='bbox 338 1271 375 1353; x_wconf 84' lang='grc' dir='ltr'>ὃς</span> <span class='ocrx_word' id='word_1_76' title='bbox 398 1275 472 1343; x_wconf 76' lang='grc' dir='ltr'><strong><em>οὐδὲ</em></strong></span> <span class='ocrx_word' id='word_1_77' title='bbox 496 1272 572 1362; x_wconf 80' lang='grc' dir='ltr'><strong><em>ἄχρι</em></strong></span> <span class='ocrx_word' id='word_1_78' title='bbox 594 1273 737 1341; x_wconf 75' lang='grc' dir='ltr'><em>σταδίων</em></span> <span class='ocrx_word' id='word_1_79' title='bbox 758 1280 853 1342; x_wconf 80' lang='grc' dir='ltr'><strong><em>πέντε</em></strong></span> <span class='ocrx_word' id='word_1_80' title='bbox 875 1269 943 1340; x_wconf 79' lang='grc' dir='ltr'>ἀπὸ</span> <span class='ocrx_word' id='word_1_81' title='bbox 965 1277 1027 1359; x_wconf 72' lang='grc' dir='ltr'>γῆς</span> <span class='ocrx_word' id='word_1_82' title='bbox 1049 1272 1268 1365; x_wconf 75' lang='grc' dir='ltr'><strong><em>ἐπαιρόμενος</em></strong></span> 
     </span>
     <span class='ocr_line' id='line_1_10' title="bbox 208 1382 1302 1474; baseline 0.005 -22"><span class='ocrx_word' id='word_1_83' title='bbox 208 1386 347 1474; x_wconf 80' lang='grc' dir='ltr'><strong><em>ἀπορρεῖ</em></strong></span> <span class='ocrx_word' id='word_1_84' title='bbox 368 1385 468 1454; x_wconf 90' lang='grc' dir='ltr'><strong><em>πάλιν</em></strong></span> <span class='ocrx_word' id='word_1_85' title='bbox 491 1394 535 1464; x_wconf 78' lang='grc' dir='ltr'>εὶς</span> <span class='ocrx_word' id='word_1_86' title='bbox 557 1382 618 1466; x_wconf 76' lang='grc' dir='ltr'><strong><em>τὴν</em></strong></span> <span class='ocrx_word' id='word_1_87' title='bbox 639 1387 712 1470; x_wconf 78' lang='grc' dir='ltr'><strong><em>γῆν,</em></strong></span> <span class='ocrx_word' id='word_1_88' title='bbox 735 1382 874 1452; x_wconf 77' lang='grc' dir='ltr'><strong><em>δύναται</em></strong></span> <span class='ocrx_word' id='word_1_89' title='bbox 896 1389 942 1469; x_wconf 76' lang='grc' dir='ltr'><strong><em>τῷ</em></strong></span> <span class='ocrx_word' id='word_1_90' title='bbox 966 1383 1098 1473; x_wconf 79' lang='grc' dir='ltr'><strong><em>οὐρανῷ</em></strong></span> <span class='ocrx_word' id='word_1_91' title='bbox 1113 1382 1266 1466; x_wconf 86' lang='grc' dir='ltr'><strong><em>πελάζειν</em></strong></span> <span class='ocrx_word' id='word_1_92' title='bbox 1286 1406 1302 1457; x_wconf 83' lang='grc'>9</span> 
     </span>
     <span class='ocr_line' id='line_1_11' title="bbox 207 1492 1267 1590; baseline 0.002 -27"><span class='ocrx_word' id='word_1_93' title='bbox 207 1492 382 1590; x_wconf 78' lang='grc' dir='ltr'><strong><em>ἢτρέφειν</em></strong></span> <span class='ocrx_word' id='word_1_94' title='bbox 405 1495 441 1563; x_wconf 89' lang='grc' dir='ltr'><strong><em>τά</em></strong></span> <span class='ocrx_word' id='word_1_95' title='bbox 464 1492 745 1586; x_wconf 85' lang='grc' dir='ltr'><strong><em>κυκλοφορητικάν</em></strong></span> <span class='ocrx_word' id='word_1_96' title='bbox 773 1501 828 1564; x_wconf 86' lang='grc' dir='ltr'>καὶ</span> <span class='ocrx_word' id='word_1_97' title='bbox 858 1493 961 1563; x_wconf 87' lang='grc' dir='ltr'><strong><em>άνλον</em></strong></span> <span class='ocrx_word' id='word_1_98' title='bbox 991 1499 1086 1583; x_wconf 81' lang='grc' dir='ltr'><strong><em>σῶμα</em></strong></span> <span class='ocrx_word' id='word_1_99' title='bbox 1109 1492 1131 1578; x_wconf 79' lang='grc' dir='ltr'><em>ἢ</em></span> <span class='ocrx_word' id='word_1_100' title='bbox 1156 1509 1267 1565; x_wconf 90' lang='grc' dir='ltr'><strong><em>ποιεῖν</em></strong></span> 
     </span>
     <span class='ocr_line' id='line_1_12' title="bbox 207 1603 1152 1692; baseline -0.001 -17"><span class='ocrx_word' id='word_1_101' title='bbox 207 1634 238 1675; x_wconf 93' lang='grc' dir='ltr'>τι</span> <span class='ocrx_word' id='word_1_102' title='bbox 260 1616 295 1674; x_wconf 78' lang='grc' dir='ltr'>ἐν</span> <span class='ocrx_word' id='word_1_103' title='bbox 318 1608 407 1692; x_wconf 79' lang='grc' dir='ltr'><strong><em>αὐτῷ</em></strong></span> <span class='ocrx_word' id='word_1_104' title='bbox 430 1607 513 1686; x_wconf 86' lang='grc' dir='ltr'><strong><em>ὅλως</em></strong></span> <span class='ocrx_word' id='word_1_105' title='bbox 535 1604 557 1687; x_wconf 78' lang='grc' dir='ltr'><strong><em>ἢ</em></strong></span> <span class='ocrx_word' id='word_1_106' title='bbox 579 1613 710 1692; x_wconf 80' lang='grc' dir='ltr'><strong><em>μίασμα</em></strong></span> <span class='ocrx_word' id='word_1_107' title='bbox 733 1603 755 1688; x_wconf 79' lang='grc' dir='ltr'><strong><em>ἢ</em></strong></span> <span class='ocrx_word' id='word_1_108' title='bbox 777 1606 860 1674; x_wconf 90' lang='grc' dir='ltr'><strong><em>ἀλλο</em></strong></span> <span class='ocrx_word' id='word_1_109' title='bbox 883 1607 995 1675; x_wconf 85' lang='grc' dir='ltr'><strong><em>ὁτιοῦν</em></strong></span> <span class='ocrx_word' id='word_1_110' title='bbox 1017 1604 1152 1690; x_wconf 77' lang='grc' dir='ltr'><strong><em>πάθοςς</em></strong></span> 
     </span>
     <span class='ocr_line' id='line_1_13' title="bbox 301 1713 1319 1806; baseline 0 -21"><span class='ocrx_word' id='word_1_111' title='bbox 301 1719 527 1804; x_wconf 70' lang='grc' dir='ltr'><strong><em>Ὁμολογεῖται</em></strong></span> <span class='ocrx_word' id='word_1_112' title='bbox 548 1715 612 1805; x_wconf 79' lang='grc' dir='ltr'>γάρ</span> <span class='ocrx_word' id='word_1_113' title='bbox 635 1714 675 1798; x_wconf 80' lang='grc' dir='ltr'>δὴ</span> <span class='ocrx_word' id='word_1_114' title='bbox 698 1715 737 1782; x_wconf 84' lang='grc' dir='ltr'><strong><em>τὸ</em></strong></span> <span class='ocrx_word' id='word_1_115' title='bbox 760 1722 916 1806; x_wconf 71' lang='grc' dir='ltr'><strong><em>αἰθέριον</em></strong></span> <span class='ocrx_word' id='word_1_116' title='bbox 938 1723 1034 1804; x_wconf 82' lang='grc' dir='ltr'><strong><em>σῶμα</em></strong></span> <span class='ocrx_word' id='word_1_117' title='bbox 1048 1715 1158 1798; x_wconf 80' lang='grc' dir='ltr'><strong><em>πάσης</em></strong></span> <span class='ocrx_word' id='word_1_118' title='bbox 1172 1713 1266 1797; x_wconf 78' lang='grc' dir='ltr'><strong><em>ἐκτὸς</em></strong></span> <span class='ocrx_word' id='word_1_119' title='bbox 1286 1735 1319 1785; x_wconf 82' lang='grc'>12</span> 
     </span>
     <span class='ocr_line' id='line_1_14' title="bbox 194 1827 1266 1916; baseline -0.007 -14"><span class='ocrx_word' id='word_1_120' title='bbox 194 1830 292 1903; x_wconf 71' lang='grc' dir='ltr'><strong><em>,εἶναι</em></strong></span> <span class='ocrx_word' id='word_1_121' title='bbox 315 1827 540 1907; x_wconf 74' lang='grc' dir='ltr'><strong><em>ἐναντιώσεως,</em></strong></span> <span class='ocrx_word' id='word_1_122' title='bbox 562 1833 687 1916; x_wconf 81' lang='grc' dir='ltr'><strong><em>τροπῆς</em></strong></span> <span class='ocrx_word' id='word_1_123' title='bbox 708 1853 743 1894; x_wconf 91' lang='grc' dir='ltr'>τε</span> <span class='ocrx_word' id='word_1_124' title='bbox 766 1827 876 1910; x_wconf 81' lang='grc' dir='ltr'><strong><em>πάσης</em></strong></span> <span class='ocrx_word' id='word_1_125' title='bbox 897 1827 1127 1915; x_wconf 86' lang='grc' dir='ltr'><strong><em>ἀπηλλάχθαι,</em></strong></span> <span class='ocrx_word' id='word_1_126' title='bbox 1148 1832 1206 1896; x_wconf 85' lang='grc' dir='ltr'>καὶ</span> <span class='ocrx_word' id='word_1_127' title='bbox 1224 1828 1266 1896; x_wconf 84' lang='grc' dir='ltr'><strong><em>τὸ</em></strong></span> 
     </span>
     <span class='ocr_line' id='line_1_15' title="bbox 208 1937 1266 2028; baseline -0.001 -19"><span class='ocrx_word' id='word_1_128' title='bbox 208 1941 380 2024; x_wconf 82' lang='grc' dir='ltr'><strong><em>δύνασθαι</em></strong></span> <span class='ocrx_word' id='word_1_129' title='bbox 403 1947 447 2018; x_wconf 79' lang='grc' dir='ltr'>εὶς</span> <span class='ocrx_word' id='word_1_130' title='bbox 469 1940 580 2008; x_wconf 80' lang='grc' dir='ltr'><strong><em>ὁτιοῦν</em></strong></span> <span class='ocrx_word' id='word_1_131' title='bbox 602 1937 821 2026; x_wconf 82' lang='grc' dir='ltr'><strong><em>μεταβάλλειν</em></strong></span> <span class='ocrx_word' id='word_1_132' title='bbox 842 1937 951 2021; x_wconf 84' lang='grc' dir='ltr'><strong><em>πάντη</em></strong></span> <span class='ocrx_word' id='word_1_133' title='bbox 974 1937 1184 2028; x_wconf 73' lang='grc' dir='ltr'><strong><em>καθαρεύειν,</em></strong></span> <span class='ocrx_word' id='word_1_134' title='bbox 1206 1945 1266 2027; x_wconf 85' lang='grc' dir='ltr'>ῥο-</span> 
     </span>
     <span class='ocr_line' id='line_1_16' title="bbox 207 2047 1317 2136; baseline -0.002 -16"><span class='ocrx_word' id='word_1_135' title='bbox 207 2058 271 2135; x_wconf 82' lang='grc' dir='ltr'>πῆς</span> <span class='ocrx_word' id='word_1_136' title='bbox 293 2079 327 2120; x_wconf 87' lang='grc' dir='ltr'>τε</span> <span class='ocrx_word' id='word_1_137' title='bbox 350 2057 409 2133; x_wconf 81' lang='grc' dir='ltr'><strong><em>τῆς</em></strong></span> <span class='ocrx_word' id='word_1_138' title='bbox 438 2056 489 2118; x_wconf 79' lang='grc' dir='ltr'>ἐπὶ</span> <span class='ocrx_word' id='word_1_139' title='bbox 519 2047 557 2117; x_wconf 81' lang='grc' dir='ltr'><strong><em>τὸ</em></strong></span> <span class='ocrx_word' id='word_1_140' title='bbox 580 2057 682 2136; x_wconf 83' lang='grc' dir='ltr'><strong><em>μέσον</em></strong></span> <span class='ocrx_word' id='word_1_141' title='bbox 704 2055 759 2118; x_wconf 83' lang='grc' dir='ltr'>καλ</span> <span class='ocrx_word' id='word_1_142' title='bbox 788 2048 939 2118; x_wconf 80' lang='grc' dir='ltr'><strong><em>ἀπὸτοῦ</em></strong></span> <span class='ocrx_word' id='word_1_143' title='bbox 966 2058 1069 2136; x_wconf 81' lang='grc' dir='ltr'><strong><em>μέσον</em></strong></span> <span class='ocrx_word' id='word_1_144' title='bbox 1096 2055 1267 2130; x_wconf 84' lang='grc' dir='ltr'><strong><em>παντελῶς</em></strong></span> <span class='ocrx_word' id='word_1_145' title='bbox 1285 2076 1317 2126; x_wconf 78' lang='lat'>15</span> 
     </span>
     <span class='ocr_line' id='line_1_17' title="bbox 209 2156 1266 2252; baseline -0.003 -21"><span class='ocrx_word' id='word_1_146' title='bbox 209 2162 451 2244; x_wconf 72' lang='grc' dir='ltr'><strong><em>ἀπολελύσθαι,</em></strong></span> <span class='ocrx_word' id='word_1_147' title='bbox 474 2160 556 2229; x_wconf 84' lang='grc' dir='ltr'><strong><em>διότι</em></strong></span> <span class='ocrx_word' id='word_1_148' title='bbox 579 2156 602 2243; x_wconf 80' lang='grc' dir='ltr'><em>ἢ</em></span> <span class='ocrx_word' id='word_1_149' title='bbox 624 2161 763 2252; x_wconf 72' lang='grc' dir='ltr'><strong><em>ἀρρεπὲς</em></strong></span> <span class='ocrx_word' id='word_1_150' title='bbox 785 2169 873 2230; x_wconf 78' lang='grc' dir='ltr'><strong><em>ἐστιν</em></strong></span> <span class='ocrx_word' id='word_1_151' title='bbox 894 2159 917 2244; x_wconf 80' lang='grc' dir='ltr'><em>ἢ</em></span> <span class='ocrx_word' id='word_1_152' title='bbox 938 2161 1024 2230; x_wconf 90' lang='grc' dir='ltr'>κατά</span> <span class='ocrx_word' id='word_1_153' title='bbox 1045 2160 1164 2231; x_wconf 84' lang='grc' dir='ltr'><strong><em>κάκλον</em></strong></span> <span class='ocrx_word' id='word_1_154' title='bbox 1178 2188 1266 2252; x_wconf 78' lang='grc' dir='ltr'><strong><em>περι</em></strong></span> 
     </span>
    </p>
   </div>
   <div class='ocr_carea' id='block_1_3' title="bbox 225 2418 1263 3010">
    <p class='ocr_par' dir='ltr' id='par_1_3' title="bbox 278 2418 1263 2494">
     <span class='ocr_line' id='line_1_18' title="bbox 278 2418 1263 2494; baseline -0.001 -19"><span class='ocrx_word' id='word_1_155' title='bbox 278 2426 338 2476; x_wconf 83' lang='grc'><strong>5.6.</strong></span> <span class='ocrx_word' id='word_1_156' title='bbox 365 2425 525 2494; x_wconf 75' lang='grc' dir='ltr'><strong><em>παραάἀὲετο</em></strong></span> <span class='ocrx_word' id='word_1_157' title='bbox 546 2424 574 2476; x_wconf 91' lang='lat' dir='ltr'>C.</span> <span class='ocrx_word' id='word_1_158' title='bbox 675 2425 698 2474; x_wconf 84' lang='lat'>6.</span> <span class='ocrx_word' id='word_1_159' title='bbox 728 2418 801 2486; x_wconf 86' lang='grc' dir='ltr'><strong><em>τινά]</em></strong></span> <span class='ocrx_word' id='word_1_160' title='bbox 821 2441 890 2480; x_wconf 77' lang='grc' dir='ltr'><strong><em>τννος</em></strong></span> <span class='ocrx_word' id='word_1_161' title='bbox 910 2421 963 2473; x_wconf 78' lang='lat' dir='ltr'>Ac.</span> <span class='ocrx_word' id='word_1_162' title='bbox 1059 2425 1085 2475; x_wconf 89' lang='lat'>8.</span> <span class='ocrx_word' id='word_1_163' title='bbox 1112 2418 1176 2492; x_wconf 76' lang='grc' dir='ltr'><strong><em>ἄχρι</em></strong></span> <span class='ocrx_word' id='word_1_164' title='bbox 1194 2442 1263 2476; x_wconf 86' lang='grc' dir='ltr'><strong><em>στα-</em></strong></span> 
     </span>
    </p>

    <p class='ocr_par' dir='ltr' id='par_1_4' title="bbox 225 2504 1262 3010">
     <span class='ocr_line' id='line_1_19' title="bbox 225 2504 1262 2580; baseline -0.004 -18"><span class='ocrx_word' id='word_1_165' title='bbox 225 2507 227 2512; x_wconf 58' lang='grc'>’</span> <span class='ocrx_word' id='word_1_166' title='bbox 278 2508 354 2575; x_wconf 75' lang='grc' dir='ltr'><strong><em>ἀίειν]</em></strong></span> <span class='ocrx_word' id='word_1_167' title='bbox 380 2508 499 2580; x_wconf 84' lang='grc' dir='ltr'><strong><em>ἀχρηστα</em></strong></span> <span class='ocrx_word' id='word_1_168' title='bbox 518 2511 579 2562; x_wconf 73' lang='grc' dir='ltr'><strong><em>ὅλοιν</em></strong></span> <span class='ocrx_word' id='word_1_169' title='bbox 598 2509 627 2561; x_wconf 91' lang='lat' dir='ltr'>C.</span> <span class='ocrx_word' id='word_1_170' title='bbox 648 2505 659 2578; x_wconf 88' lang='grc' dir='ltr'>ΙΙ</span> <span class='ocrx_word' id='word_1_171' title='bbox 681 2511 795 2562; x_wconf 77' lang='grc' dir='ltr'><strong><em>σταδίων</em></strong></span> <span class='ocrx_word' id='word_1_172' title='bbox 814 2504 906 2573; x_wconf 78' lang='grc' dir='ltr'><strong><em>πέντε]</em></strong></span> <span class='ocrx_word' id='word_1_173' title='bbox 933 2527 1050 2577; x_wconf 82' lang='lat' dir='ltr'>vaporem</span> <span class='ocrx_word' id='word_1_174' title='bbox 1073 2523 1211 2560; x_wconf 73' lang='lat' dir='ltr'>terrestrem</span> <span class='ocrx_word' id='word_1_175' title='bbox 1232 2509 1262 2558; x_wconf 88' lang='lat' dir='ltr'>ad</span> 
     </span>
     <span class='ocr_line' id='line_1_20' title="bbox 276 2593 1262 2666; baseline -0.004 -18"><span class='ocrx_word' id='word_1_176' title='bbox 276 2595 431 2648; x_wconf 73' lang='lat' dir='ltr'>altitudinem</span> <span class='ocrx_word' id='word_1_177' title='bbox 452 2597 564 2666; x_wconf 88' lang='lat' dir='ltr'>quinque</span> <span class='ocrx_word' id='word_1_178' title='bbox 582 2611 679 2648; x_wconf 88' lang='lat' dir='ltr'>tantum</span> <span class='ocrx_word' id='word_1_179' title='bbox 697 2596 846 2655; x_wconf 80' lang='lat' dir='ltr'>stadiorum,</span> <span class='ocrx_word' id='word_1_180' title='bbox 869 2595 886 2646; x_wconf 89' lang='lat' dir='ltr'>i.</span> <span class='ocrx_word' id='word_1_181' title='bbox 905 2613 927 2645; x_wconf 80' lang='lat' dir='ltr'>e</span> <span class='ocrx_word' id='word_1_182' title='bbox 950 2593 1026 2647; x_wconf 91' lang='lat' dir='ltr'>trium</span> <span class='ocrx_word' id='word_1_183' title='bbox 1050 2595 1151 2647; x_wconf 90' lang='lat' dir='ltr'>milium</span> <span class='ocrx_word' id='word_1_184' title='bbox 1168 2596 1262 2665; x_wconf 89' lang='lat' dir='ltr'>pedum</span> 
     </span>
     <span class='ocr_line' id='line_1_21' title="bbox 276 2679 1262 2734; baseline -0.003 -1"><span class='ocrx_word' id='word_1_185' title='bbox 276 2681 360 2734; x_wconf 82' lang='lat' dir='ltr'>extolli</span> <span class='ocrx_word' id='word_1_186' title='bbox 377 2682 418 2732; x_wconf 89' lang='lat' dir='ltr'>bic</span> <span class='ocrx_word' id='word_1_187' title='bbox 436 2696 554 2734; x_wconf 78' lang='lat' dir='ltr'>asseverat</span> <span class='ocrx_word' id='word_1_188' title='bbox 571 2681 735 2734; x_wconf 87' lang='lat' dir='ltr'>Jamblicbus.</span> <span class='ocrx_word' id='word_1_189' title='bbox 767 2684 808 2734; x_wconf 91' lang='lat' dir='ltr'>sed</span> <span class='ocrx_word' id='word_1_190' title='bbox 826 2679 951 2733; x_wconf 87' lang='lat' dir='ltr'>montium</span> <span class='ocrx_word' id='word_1_191' title='bbox 974 2681 1102 2733; x_wconf 89' lang='lat' dir='ltr'>eacumina</span> <span class='ocrx_word' id='word_1_192' title='bbox 1121 2682 1201 2732; x_wconf 88' lang='lat' dir='ltr'>multo</span> <span class='ocrx_word' id='word_1_193' title='bbox 1227 2681 1262 2731; x_wconf 93' lang='lat' dir='ltr'>al-</span> 
     </span>
     <span class='ocr_line' id='line_1_22' title="bbox 277 2767 1262 2836; baseline -0.002 -18"><span class='ocrx_word' id='word_1_194' title='bbox 277 2768 333 2830; x_wconf 83' lang='lat' dir='ltr'>tius,</span> <span class='ocrx_word' id='word_1_195' title='bbox 351 2769 381 2819; x_wconf 85' lang='lat' dir='ltr'>ad</span> <span class='ocrx_word' id='word_1_196' title='bbox 399 2770 483 2819; x_wconf 86' lang='lat' dir='ltr'>decem</span> <span class='ocrx_word' id='word_1_197' title='bbox 503 2783 526 2818; x_wconf 88' lang='lat' dir='ltr'>et</span> <span class='ocrx_word' id='word_1_198' title='bbox 545 2767 687 2836; x_wconf 86' lang='lat' dir='ltr'>quindecim</span> <span class='ocrx_word' id='word_1_199' title='bbox 700 2768 776 2819; x_wconf 87' lang='lat' dir='ltr'>stadia</span> <span class='ocrx_word' id='word_1_200' title='bbox 789 2768 898 2819; x_wconf 87' lang='lat' dir='ltr'>eminere</span> <span class='ocrx_word' id='word_1_201' title='bbox 911 2781 1013 2818; x_wconf 89' lang='lat' dir='ltr'>noverat</span> <span class='ocrx_word' id='word_1_202' title='bbox 1024 2767 1165 2836; x_wconf 86' lang='lat' dir='ltr'>antiquitas.</span> <span class='ocrx_word' id='word_1_203' title='bbox 1195 2767 1262 2817; x_wconf 89' lang='lat' dir='ltr'>Plut.</span> 
     </span>
     <span class='ocr_line' id='line_1_23' title="bbox 279 2852 1262 2926; baseline 0.002 -24"><span class='ocrx_word' id='word_1_204' title='bbox 279 2853 370 2903; x_wconf 80' lang='lat' dir='ltr'>Aemil.</span> <span class='ocrx_word' id='word_1_205' title='bbox 391 2855 431 2904; x_wconf 85' lang='lat'>15.</span> <span class='ocrx_word' id='word_1_206' title='bbox 461 2853 750 2907; x_wconf 68' lang='lat' dir='ltr'>Cleomcd.circ.doctr,</span> <span class='ocrx_word' id='word_1_207' title='bbox 773 2858 796 2917; x_wconf 88' lang='lat'>1,</span> <span class='ocrx_word' id='word_1_208' title='bbox 809 2855 851 2906; x_wconf 83' lang='lat'>56.</span> <span class='ocrx_word' id='word_1_209' title='bbox 936 2855 961 2906; x_wconf 83' lang='grc'>9.</span> <span class='ocrx_word' id='word_1_210' title='bbox 990 2861 1117 2926; x_wconf 82' lang='grc' dir='ltr'><strong><em>καταρρεῖ</em></strong></span> <span class='ocrx_word' id='word_1_211' title='bbox 1137 2852 1181 2904; x_wconf 76' lang='lat' dir='ltr'>AC</span> <span class='ocrx_word' id='word_1_212' title='bbox 1199 2853 1262 2918; x_wconf 73' lang='lat' dir='ltr'>Reg.</span> 
     </span>
     <span class='ocr_line' id='line_1_24' title="bbox 280 2937 1030 3010; baseline -0.003 -18"><span class='ocrx_word' id='word_1_213' title='bbox 280 2941 321 2992; x_wconf 89' lang='lat'>10.</span> <span class='ocrx_word' id='word_1_214' title='bbox 349 2940 543 3010; x_wconf 78' lang='grc' dir='ltr'><strong><em>κνιλοηορηκόν</em></strong></span> <span class='ocrx_word' id='word_1_215' title='bbox 564 2940 592 2992; x_wconf 90' lang='lat' dir='ltr'>C.</span> <span class='ocrx_word' id='word_1_216' title='bbox 685 2943 726 2993; x_wconf 89' lang='grc'>16.</span> <span class='ocrx_word' id='word_1_217' title='bbox 754 2937 858 3009; x_wconf 77' lang='grc' dir='ltr'><strong><em>ἢρτὶιιε</em></strong></span> <span class='ocrx_word' id='word_1_218' title='bbox 877 2959 927 2991; x_wconf 92' lang='lat' dir='ltr'>om.</span> <span class='ocrx_word' id='word_1_219' title='bbox 950 2939 1030 2991; x_wconf 78' lang='lat' dir='ltr'>Act).</span> 
     </span>
    </p>
   </div>
   <div class='ocr_carea' id='block_1_4' title="bbox 205 3180 1300 4291">
    <p class='ocr_par' dir='ltr' id='par_1_5' title="bbox 205 3180 1300 3948">
     <span class='ocr_line' id='line_1_25' title="bbox 207 3180 1265 3261; baseline -0.003 -24"><span class='ocrx_word' id='word_1_220' title='bbox 207 3183 296 3261; x_wconf 86' lang='lat' dir='ltr'>possit</span> <span class='ocrx_word' id='word_1_221' title='bbox 313 3200 405 3238; x_wconf 88' lang='lat' dir='ltr'>eorum</span> <span class='ocrx_word' id='word_1_222' title='bbox 422 3182 570 3258; x_wconf 83' lang='lat' dir='ltr'>potentiam</span> <span class='ocrx_word' id='word_1_223' title='bbox 594 3182 760 3257; x_wconf 80' lang='lat' dir='ltr'>contingere,</span> <span class='ocrx_word' id='word_1_224' title='bbox 783 3182 870 3257; x_wconf 87' lang='lat' dir='ltr'>ipsam</span> <span class='ocrx_word' id='word_1_225' title='bbox 892 3181 1029 3235; x_wconf 87' lang='lat' dir='ltr'>materiam</span> <span class='ocrx_word' id='word_1_226' title='bbox 1051 3180 1110 3234; x_wconf 88' lang='lat' dir='ltr'>sine</span> <span class='ocrx_word' id='word_1_227' title='bbox 1128 3187 1201 3234; x_wconf 89' lang='lat' dir='ltr'>tactu</span> <span class='ocrx_word' id='word_1_228' title='bbox 1224 3197 1265 3234; x_wconf 90' lang='lat' dir='ltr'>re-</span> 
     </span>
     <span class='ocr_line' id='line_1_26' title="bbox 207 3264 1265 3344; baseline -0.006 -18"><span class='ocrx_word' id='word_1_229' title='bbox 207 3269 341 3326; x_wconf 78' lang='lat' dir='ltr'>scindunt.</span> <span class='ocrx_word' id='word_1_230' title='bbox 389 3287 438 3325; x_wconf 84' lang='lat' dir='ltr'>nee</span> <span class='ocrx_word' id='word_1_231' title='bbox 456 3265 542 3323; x_wconf 89' lang='lat' dir='ltr'>solnm</span> <span class='ocrx_word' id='word_1_232' title='bbox 560 3265 626 3322; x_wconf 87' lang='lat' dir='ltr'>baec</span> <span class='ocrx_word' id='word_1_233' title='bbox 644 3266 755 3323; x_wconf 82' lang='lat' dir='ltr'>deorum</span> <span class='ocrx_word' id='word_1_234' title='bbox 772 3275 893 3344; x_wconf 87' lang='lat' dir='ltr'>potestas</span> <span class='ocrx_word' id='word_1_235' title='bbox 912 3264 1014 3340; x_wconf 79' lang='lat' dir='ltr'>absque</span> <span class='ocrx_word' id='word_1_236' title='bbox 1031 3273 1156 3322; x_wconf 87' lang='lat' dir='ltr'>contactu</span> <span class='ocrx_word' id='word_1_237' title='bbox 1174 3272 1202 3319; x_wconf 88' lang='lat' dir='ltr'>et</span> <span class='ocrx_word' id='word_1_238' title='bbox 1219 3283 1265 3340; x_wconf 90' lang='lat' dir='ltr'>ap-</span> 
     </span>
     <span class='ocr_line' id='line_1_27' title="bbox 207 3349 1266 3434; baseline -0.007 -23"><span class='ocrx_word' id='word_1_239' title='bbox 207 3356 404 3434; x_wconf 86' lang='lat' dir='ltr'>proximatione</span> <span class='ocrx_word' id='word_1_240' title='bbox 422 3355 508 3409; x_wconf 89' lang='lat' dir='ltr'>omnia</span> <span class='ocrx_word' id='word_1_241' title='bbox 528 3350 676 3428; x_wconf 85' lang='lat' dir='ltr'>corporalia</span> <span class='ocrx_word' id='word_1_242' title='bbox 695 3351 829 3430; x_wconf 85' lang='lat' dir='ltr'>disperdit</span> <span class='ocrx_word' id='word_1_243' title='bbox 847 3361 875 3407; x_wconf 92' lang='lat' dir='ltr'>et</span> <span class='ocrx_word' id='word_1_244' title='bbox 893 3349 975 3418; x_wconf 83' lang='lat' dir='ltr'>delet,</span> <span class='ocrx_word' id='word_1_245' title='bbox 993 3349 1042 3406; x_wconf 86' lang='lat' dir='ltr'>sed</span> <span class='ocrx_word' id='word_1_246' title='bbox 1060 3361 1087 3408; x_wconf 90' lang='lat' dir='ltr'>et</span> <span class='ocrx_word' id='word_1_247' title='bbox 1105 3352 1193 3426; x_wconf 87' lang='lat' dir='ltr'>ipsum</span> <span class='ocrx_word' id='word_1_248' title='bbox 1206 3368 1266 3405; x_wconf 87' lang='lat' dir='ltr'>cae-</span> 
     </span>
     <span class='ocr_line' id='line_1_28' title="bbox 205 3437 1264 3518; baseline -0.008 -19"><span class='ocrx_word' id='word_1_249' title='bbox 205 3443 276 3500; x_wconf 88' lang='lat' dir='ltr'>leste</span> <span class='ocrx_word' id='word_1_250' title='bbox 292 3461 392 3518; x_wconf 86' lang='lat' dir='ltr'>corpus</span> <span class='ocrx_word' id='word_1_251' title='bbox 410 3461 471 3497; x_wconf 88' lang='lat' dir='ltr'>cnm</span> <span class='ocrx_word' id='word_1_252' title='bbox 488 3439 628 3496; x_wconf 87' lang='lat' dir='ltr'>elementis</span> <span class='ocrx_word' id='word_1_253' title='bbox 646 3437 827 3494; x_wconf 82' lang='lat' dir='ltr'>materialibus</span> <span class='ocrx_word' id='word_1_254' title='bbox 845 3439 953 3495; x_wconf 82' lang='lat' dir='ltr'>misceri</span> <span class='ocrx_word' id='word_1_255' title='bbox 971 3457 1026 3493; x_wconf 89' lang='lat' dir='ltr'>non</span> <span class='ocrx_word' id='word_1_256' title='bbox 1044 3445 1141 3515; x_wconf 80' lang='lat' dir='ltr'>potest,</span> <span class='ocrx_word' id='word_1_257' title='bbox 1164 3454 1216 3490; x_wconf 92' lang='lat' dir='ltr'>nec</span> <span class='ocrx_word' id='word_1_258' title='bbox 1234 3437 1264 3491; x_wconf 88' lang='lat' dir='ltr'>in</span> 
     </span>
     <span class='ocr_line' id='line_1_29' title="bbox 205 3523 1264 3603; baseline -0.008 -19"><span class='ocrx_word' id='word_1_259' title='bbox 205 3549 237 3584; x_wconf 90' lang='lat' dir='ltr'>se</span> <span class='ocrx_word' id='word_1_260' title='bbox 254 3527 356 3603; x_wconf 82' lang='lat' dir='ltr'>aliquid</span> <span class='ocrx_word' id='word_1_261' title='bbox 374 3529 493 3582; x_wconf 73' lang='lat' dir='ltr'>extranei</span> <span class='ocrx_word' id='word_1_262' title='bbox 512 3525 637 3591; x_wconf 73' lang='lat' dir='ltr'>admittit,</span> <span class='ocrx_word' id='word_1_263' title='bbox 656 3545 706 3580; x_wconf 90' lang='lat' dir='ltr'>nee</span> <span class='ocrx_word' id='word_1_264' title='bbox 725 3525 758 3580; x_wconf 87' lang='lat' dir='ltr'>de</span> <span class='ocrx_word' id='word_1_265' title='bbox 771 3545 820 3580; x_wconf 89' lang='lat' dir='ltr'>suo</span> <span class='ocrx_word' id='word_1_266' title='bbox 834 3524 935 3602; x_wconf 85' lang='lat' dir='ltr'>aliquid</span> <span class='ocrx_word' id='word_1_267' title='bbox 947 3523 1105 3600; x_wconf 79' lang='lat' dir='ltr'>alienigenis</span> <span class='ocrx_word' id='word_1_268' title='bbox 1116 3523 1264 3598; x_wconf 79' lang='lat' dir='ltr'>impertiet.</span> 
     </span>
     <span class='ocr_line' id='line_1_30' title="bbox 207 3600 1300 3689; baseline -0.005 -21"><span class='ocrx_word' id='word_1_269' title='bbox 207 3614 340 3689; x_wconf 60' lang='lat' dir='ltr'>memorio</span> <span class='ocrx_word' id='word_1_270' title='bbox 358 3615 439 3689; x_wconf 82' lang='lat' dir='ltr'>igitur</span> <span class='ocrx_word' id='word_1_271' title='bbox 457 3631 541 3688; x_wconf 85' lang='lat' dir='ltr'>vapor</span> <span class='ocrx_word' id='word_1_272' title='bbox 558 3609 655 3686; x_wconf 89' lang='lat' dir='ltr'>aliquis</span> <span class='ocrx_word' id='word_1_273' title='bbox 679 3620 815 3678; x_wconf 87' lang='lat' dir='ltr'>terrenus,</span> <span class='ocrx_word' id='word_1_274' title='bbox 839 3615 885 3687; x_wconf 87' lang='lat' dir='ltr'>qui</span> <span class='ocrx_word' id='word_1_275' title='bbox 903 3610 937 3667; x_wconf 87' lang='lat' dir='ltr'>ad</span> <span class='ocrx_word' id='word_1_276' title='bbox 956 3613 1074 3686; x_wconf 87' lang='lat' dir='ltr'>quinque</span> <span class='ocrx_word' id='word_1_277' title='bbox 1099 3608 1186 3665; x_wconf 84' lang='lat' dir='ltr'>stadia</span> <span class='ocrx_word' id='word_1_278' title='bbox 1208 3628 1265 3663; x_wconf 88' lang='lat' dir='ltr'>non</span> <span class='ocrx_word' id='word_1_279' title='bbox 1297 3600 1300 3608; x_wconf 73' lang='grc'><strong>’</strong></span> 
     </span>
     <span class='ocr_line' id='line_1_31' title="bbox 205 3694 1265 3776; baseline -0.003 -24"><span class='ocrx_word' id='word_1_280' title='bbox 205 3700 296 3776; x_wconf 89' lang='lat' dir='ltr'>possit</span> <span class='ocrx_word' id='word_1_281' title='bbox 313 3698 457 3754; x_wconf 84' lang='lat' dir='ltr'>ascendere</span> <span class='ocrx_word' id='word_1_282' title='bbox 476 3698 542 3773; x_wconf 85' lang='lat' dir='ltr'>quin</span> <span class='ocrx_word' id='word_1_283' title='bbox 565 3700 662 3754; x_wconf 88' lang='lat' dir='ltr'>iterum</span> <span class='ocrx_word' id='word_1_284' title='bbox 685 3696 719 3754; x_wconf 76' lang='lat' dir='ltr'>ael</span> <span class='ocrx_word' id='word_1_285' title='bbox 742 3707 840 3753; x_wconf 81' lang='lat' dir='ltr'>terram</span> <span class='ocrx_word' id='word_1_286' title='bbox 858 3696 1005 3765; x_wconf 83' lang='lat' dir='ltr'>relabatur,</span> <span class='ocrx_word' id='word_1_287' title='bbox 1029 3694 1104 3752; x_wconf 89' lang='lat' dir='ltr'>caelo</span> <span class='ocrx_word' id='word_1_288' title='bbox 1128 3696 1181 3771; x_wconf 92' lang='lat' dir='ltr'>ipsi</span> <span class='ocrx_word' id='word_1_289' title='bbox 1205 3714 1265 3750; x_wconf 89' lang='lat' dir='ltr'>suo·</span> 
     </span>
     <span class='ocr_line' id='line_1_32' title="bbox 207 3779 1267 3861; baseline -0.002 -21"><span class='ocrx_word' id='word_1_290' title='bbox 207 3783 285 3840; x_wconf 85' lang='lat' dir='ltr'>cedet</span> <span class='ocrx_word' id='word_1_291' title='bbox 303 3793 330 3837; x_wconf 90' lang='lat' dir='ltr'>et</span> <span class='ocrx_word' id='word_1_292' title='bbox 347 3803 445 3861; x_wconf 89' lang='lat' dir='ltr'>corpus</span> <span class='ocrx_word' id='word_1_293' title='bbox 463 3783 532 3840; x_wconf 84' lang='lat' dir='ltr'>illud</span> <span class='ocrx_word' id='word_1_294' title='bbox 550 3805 648 3861; x_wconf 81' lang='lat' dir='ltr'>gyrans</span> <span class='ocrx_word' id='word_1_295' title='bbox 667 3793 695 3839; x_wconf 90' lang='lat' dir='ltr'>et</span> <span class='ocrx_word' id='word_1_296' title='bbox 711 3782 884 3841; x_wconf 81' lang='lat' dir='ltr'>immateriale</span> <span class='ocrx_word' id='word_1_297' title='bbox 901 3794 995 3860; x_wconf 84' lang='lat' dir='ltr'>pascet</span> <span class='ocrx_word' id='word_1_298' title='bbox 1012 3793 1059 3839; x_wconf 85' lang='lat' dir='ltr'>ant</span> <span class='ocrx_word' id='word_1_299' title='bbox 1069 3780 1200 3840; x_wconf 84' lang='lat' dir='ltr'>maculam</span> <span class='ocrx_word' id='word_1_300' title='bbox 1217 3779 1267 3838; x_wconf 82' lang='lat' dir='ltr'>ali-</span> 
     </span>
     <span class='ocr_line' id='line_1_33' title="bbox 207 3861 1001 3948; baseline 0.004 -24"><span class='ocrx_word' id='word_1_301' title='bbox 207 3889 285 3947; x_wconf 80' lang='lat' dir='ltr'>qnam</span> <span class='ocrx_word' id='word_1_302' title='bbox 303 3868 346 3925; x_wconf 84' lang='lat' dir='ltr'>vel</span> <span class='ocrx_word' id='word_1_303' title='bbox 363 3873 516 3946; x_wconf 82' lang='lat' dir='ltr'>passionem</span> <span class='ocrx_word' id='word_1_304' title='bbox 535 3891 719 3947; x_wconf 86' lang='lat' dir='ltr'>quamcunque</span> <span class='ocrx_word' id='word_1_305' title='bbox 736 3873 765 3926; x_wconf 89' lang='lat' dir='ltr'>in</span> <span class='ocrx_word' id='word_1_306' title='bbox 783 3890 815 3926; x_wconf 90' lang='lat' dir='ltr'>eo</span> <span class='ocrx_word' id='word_1_307' title='bbox 832 3861 1001 3948; x_wconf 73' lang='lat' dir='ltr'>procreabit?</span> 
     </span>
    </p>

    <p class='ocr_par' dir='ltr' id='par_1_6' title="bbox 206 3955 1267 4291">
     <span class='ocr_line' id='line_1_34' title="bbox 276 3955 1265 4036; baseline -0.002 -25"><span class='ocrx_word' id='word_1_308' title='bbox 276 3955 328 4011; x_wconf 87' lang='lat' dir='ltr'>Est</span> <span class='ocrx_word' id='word_1_309' title='bbox 345 3955 374 4010; x_wconf 87' lang='lat' dir='ltr'>in</span> <span class='ocrx_word' id='word_1_310' title='bbox 392 3955 516 4011; x_wconf 85' lang='lat' dir='ltr'>confesso</span> <span class='ocrx_word' id='word_1_311' title='bbox 541 3957 614 4032; x_wconf 85' lang='lat' dir='ltr'>quod</span> <span class='ocrx_word' id='word_1_312' title='bbox 639 3977 736 4036; x_wconf 87' lang='lat' dir='ltr'>corpus</span> <span class='ocrx_word' id='word_1_313' title='bbox 760 3955 907 4013; x_wconf 87' lang='lat' dir='ltr'>aetherium</span> <span class='ocrx_word' id='word_1_314' title='bbox 933 3959 970 4012; x_wconf 90' lang='lat' dir='ltr'>sit</span> <span class='ocrx_word' id='word_1_315' title='bbox 993 3959 1110 4014; x_wconf 89' lang='lat' dir='ltr'>immune</span> <span class='ocrx_word' id='word_1_316' title='bbox 1133 3955 1167 4013; x_wconf 88' lang='lat' dir='ltr'>ab</span> <span class='ocrx_word' id='word_1_317' title='bbox 1190 3957 1265 4010; x_wconf 89' lang='lat' dir='ltr'>omni</span> 
     </span>
     <span class='ocr_line' id='line_1_35' title="bbox 206 4042 1266 4120; baseline -0.003 -21"><span class='ocrx_word' id='word_1_318' title='bbox 206 4042 404 4106; x_wconf 78' lang='lat' dir='ltr'>contrarietate,</span> <span class='ocrx_word' id='word_1_319' title='bbox 424 4044 549 4116; x_wconf 87' lang='lat' dir='ltr'>omnique</span> <span class='ocrx_word' id='word_1_320' title='bbox 567 4043 634 4098; x_wconf 84' lang='lat' dir='ltr'>adeo</span> <span class='ocrx_word' id='word_1_321' title='bbox 651 4043 765 4100; x_wconf 90' lang='lat' dir='ltr'>liberum</span> <span class='ocrx_word' id='word_1_322' title='bbox 782 4044 938 4107; x_wconf 81' lang='lat' dir='ltr'>mutatione,</span> <span class='ocrx_word' id='word_1_323' title='bbox 956 4042 1029 4120; x_wconf 81' lang='lat' dir='ltr'>qnod</span> <span class='ocrx_word' id='word_1_324' title='bbox 1041 4061 1153 4120; x_wconf 88' lang='lat' dir='ltr'>prorsus</span> <span class='ocrx_word' id='word_1_325' title='bbox 1165 4061 1266 4118; x_wconf 87' lang='lat' dir='ltr'>purum</span> 
     </span>
     <span class='ocr_line' id='line_1_36' title="bbox 207 4125 1267 4207; baseline 0.002 -23"><span class='ocrx_word' id='word_1_326' title='bbox 207 4130 244 4185; x_wconf 85' lang='lat' dir='ltr'>sit</span> <span class='ocrx_word' id='word_1_327' title='bbox 266 4150 281 4184; x_wconf 89' lang='lat' dir='ltr'>a</span> <span class='ocrx_word' id='word_1_328' title='bbox 304 4125 487 4207; x_wconf 84' lang='lat' dir='ltr'>possibilitate</span> <span class='ocrx_word' id='word_1_329' title='bbox 509 4129 536 4181; x_wconf 87' lang='lat' dir='ltr'>in</span> <span class='ocrx_word' id='word_1_330' title='bbox 560 4127 666 4202; x_wconf 83' lang='lat' dir='ltr'>quidvis</span> <span class='ocrx_word' id='word_1_331' title='bbox 690 4128 762 4186; x_wconf 90' lang='lat' dir='ltr'>aliud</span> <span class='ocrx_word' id='word_1_332' title='bbox 785 4130 983 4196; x_wconf 84' lang='lat' dir='ltr'>conversionis,</span> <span class='ocrx_word' id='word_1_333' title='bbox 1006 4138 1062 4185; x_wconf 88' lang='lat' dir='ltr'>tum</span> <span class='ocrx_word' id='word_1_334' title='bbox 1085 4130 1166 4184; x_wconf 88' lang='lat' dir='ltr'>etiam</span> <span class='ocrx_word' id='word_1_335' title='bbox 1190 4127 1267 4203; x_wconf 80' lang='lat' dir='ltr'>qood</span> 
     </span>
     <span class='ocr_line' id='line_1_37' title="bbox 208 4203 1267 4291; baseline 0.003 -23"><span class='ocrx_word' id='word_1_336' title='bbox 208 4213 240 4268; x_wconf 89' lang='lat' dir='ltr'>ab</span> <span class='ocrx_word' id='word_1_337' title='bbox 259 4203 330 4272; x_wconf 81' lang='lat' dir='ltr'>omni</span> <span class='ocrx_word' id='word_1_338' title='bbox 349 4213 383 4272; x_wconf 82' lang='lat' dir='ltr'>ad</span> <span class='ocrx_word' id='word_1_339' title='bbox 401 4211 519 4270; x_wconf 84' lang='lat' dir='ltr'>medium</span> <span class='ocrx_word' id='word_1_340' title='bbox 537 4221 565 4269; x_wconf 84' lang='lat' dir='ltr'>et</span> <span class='ocrx_word' id='word_1_341' title='bbox 582 4233 596 4268; x_wconf 92' lang='lat' dir='ltr'>a</span> <span class='ocrx_word' id='word_1_342' title='bbox 615 4215 704 4272; x_wconf 81' lang='lat' dir='ltr'>medio</span> <span class='ocrx_word' id='word_1_343' title='bbox 722 4213 857 4274; x_wconf 84' lang='lat' dir='ltr'>tendentia</span> <span class='ocrx_word' id='word_1_344' title='bbox 876 4215 993 4273; x_wconf 87' lang='lat' dir='ltr'>alienum</span> <span class='ocrx_word' id='word_1_345' title='bbox 1010 4217 1055 4285; x_wconf 87' lang='lat' dir='ltr'>sit,</span> <span class='ocrx_word' id='word_1_346' title='bbox 1074 4216 1207 4291; x_wconf 69' lang='lat' dir='ltr'>quonim.</span> <span class='ocrx_word' id='word_1_347' title='bbox 1218 4225 1267 4272; x_wconf 85' lang='lat' dir='ltr'>aut</span> 
     </span>
    </p>
   </div>
   <div class='ocr_carea' id='block_1_5' title="bbox 0 0 1392 4876">
    <p class='ocr_par' dir='ltr' id='par_1_7' title="bbox 0 0 1392 4876">
     <span class='ocr_line' id='line_1_38' title="bbox 0 0 1392 4876; baseline 0 0"><span class='ocrx_word' id='word_1_348' title='bbox 0 0 1392 4876; x_wconf 95' lang='lat' dir='ltr'> </span> 
     </span>
    </p>
   </div>
  </div>
 </body>
</html>
