2776 4876
166 367 204 422 06
1152 363 1178 426 1,
1188 361 1219 417 21

168 520 365 610 ἀνθρώπινα
392 519 509 602 πάθη,
538 524 594 588 καὶ
623 515 691 586 ἀπὸ
720 523 785 587 τῶν
812 517 892 604 παρ’
911 523 1042 594 έαυτοῖς
1069 515 1112 584 τά
1139 522 1223 584 θεῖα

167 639 405 722 τεκμαίρονται.
438 628 702 719 διαμαρτάνουσι
715 635 827 697 τοίνυν
841 629 950 698 αὐτῶν
965 631 1047 722 διχῇ,
1066 632 1123 696 καὶ
1138 626 1223 697 διότι

167 750 232 813 τῶν
253 748 358 812 θείων
378 743 604 812 ἀποπέπτουσε
618 745 674 809 καὶ
692 740 779 811 διότι
799 739 924 810 τούτων
938 739 1223 829 ἀποτυγχάνοντες
1240 754 1255 807 t

168 861 220 924 επὶ
242 854 285 923 τά
307 853 507 942 ἀνθρώπινα
530 851 615 923 αὐτὰ
636 851 738 941 πάθη
753 857 985 922 καθέλκουσιν.
1019 857 1121 940 εχρῆν
1134 855 1171 921 δέ
1185 877 1222 938 γε

167 972 223 1034 nai
245 973 311 1035 τῶν
333 966 487 1046 ὡσαύτως
508 969 682 1052 δρωμένων
703 960 787 1055 πρὸς
807 963 912 1044 θεούς
932 968 989 1033 καὶ
1010 962 1222 1052 ἀνθρώπους,

167 1078 240 1148 οἷον
262 1081 482 1168 προκυλίοεων
503 1075 755 1171 προσκυνήσασιν
769 1079 899 1164 δωρεῶν
913 1075 1079 1164 ἀπαρχῶν,
1100 1073 1147 1161 μὴ
1162 1070 1222 1145 τόν
1238 1094 1254 1145 ε

167 1186 270 1259 αὐτόν
290 1187 539 1275 ὑπολαμβάνειν
560 1185 685 1274 τρόπον
705 1186 756 1254 ἐπ’
776 1186 984 1279 ἀμφοτέρων,
997 1182 1093 1257 ’κατὰ
1108 1189 1143 1253 δέ
1159 1182 1222 1268 τὴν

167 1307 220 1368 έπὶ
242 1297 284 1368 τό
306 1299 481 1390 τιμιώτερα
503 1294 672 1390 διαφοράν
697 1302 797 1386 χωρὶς
819 1301 952 1366 τιθέναι
980 1295 1136 1387 ἑκάτερα,
1164 1303 1222 1369 ιιαὶ

168 1409 211 1479 τά
226 1417 286 1499 μέν
301 1411 345 1489 ὡς
359 1415 442 1478 θεῖα
464 1407 709 1497 ἀποσεμνύνων,
731 1409 774 1479 τά
796 1413 832 1478 δὲ
853 1410 897 1488 ὡς
918 1408 1117 1498 ἀνθρώπινα
1133 1411 1254 1496 ireos

167 1527 255 1591 σθαι
283 1520 573 1613 εὐκαταφρόνητα,
607 1526 665 1590 καὶ
692 1527 758 1590 τῶν
785 1527 845 1609 μὲν
873 1519 973 1603 πάθη
1001 1519 1131 1590 διδόναι
1161 1518 1222 1604 τὴν

167 1634 374 1721 ἀπεργασίαν
402 1637 469 1702 τῶν
497 1659 531 1701 τε
560 1633 743 1702 ποιούντων
770 1639 826 1701 καὶ
862 1629 945 1718 πρός
973 1629 1031 1712 οὓς
1064 1638 1222 1718 γίνονται,

167 1744 389 1832 (ἀνθρώπινα
404 1745 468 1831 γάρ
492 1750 638 1813 ἐστικαὶ
660 1749 886 1830 σωματοειδῆ)
908 1747 1030 1813 τῶνδὲ
1052 1727 1108 1815 διά
1130 1743 1221 1815 θαύ-
1236 1757 1272 1811 ,12

166 1881 272 1942 ματος
287 1855 450 1942 ἀτρέπτου
466 1860 523 1922 καὶ
539 1857 660 1941 σεμνῆς
674 1855 914 1936 καταστάσεως,
935 1862 1053 1945 νοερᾶς
1067 1882 1101 1924 τε
1112 1862 1221 1946 χαρᾶς

167 1971 232 2042 καὶ
245 1971 386 2054 βεβαίας
408 1965 539 2053 γνώμης
567 1967 840 2056 ἀπεργαζομένων
868 1972 968 2056 τιμᾶν
996 1965 1221 2060 διαφερόντως

166 2076 226 2160 τὴν
246 2085 419 2166 ἐνέργειαν,
441 2077 550 2160 έποιδὴ
572 2092 642 2158 τοῖς
664 2085 761 2158 θεοῖς
782 2078 992 2149 ἀνατίθεται.
1239 2100 1272 2150 15

236 2275 260 2326 ii.
287 2276 446 2347 προκλέσεειν
465 2275 498 2326 0.
630 2274 654 2327 9.
680 2287 736 2343 post
755 2269 914 2347 ἀνθρώπινα
932 2274 991 2326 libri
1009 2295 1105 2336 omnes,
1122 2287 1220 2347 praeter

235 2358 281 2412 (ΖΙ)
294 2360 389 2412 addunt
406 2366 541 2428 γενέσθω,
560 2360 628 2429 quod
641 2361 781 2412 redundare
799 2360 896 2413 monuit
915 2361 979 2413 Gaie
991 2376 1042 2413 not.
1106 2361 1148 2414 11.
1176 2358 1217 2426 τε]

234 2449 262 2498 δὲ
280 2450 312 2500 Α.
333 2441 346 2515 ΙΙ
367 2444 443 2516 πρὸς]
463 2448 514 2518 πρὸ
532 2447 564 2500 Β.
646 2449 688 2500 12.
718 2449 890 2517 σωματοειδῆ
908 2449 942 2505 D,
1027 2449 1068 2501 14.
1095 2442 1217 2519 ἀπεργα-

234 2533 331 2603 ζομέιῳ
351 2531 409 2586 ΒΙ).

163 2709 227 2758 sunt
244 2699 278 2756 de
296 2700 395 2759 divinis
414 2703 582 2758 coniecturas
600 2700 770 2759 fabricantur.
815 2702 848 2757 ab
870 2703 903 2758 iis
927 2704 1007 2779 igitur
1029 2702 1153 2757 aberrant
1171 2702 1218 2758 du·

163 2785 278 2864 pliciter,
297 2795 325 2841 et
342 2787 414 2861 quod
432 2809 446 2842 a
465 2787 564 2844 diuinis
582 2788 713 2856 excidant,
732 2798 759 2844 et
772 2787 844 2863 quod
856 2788 898 2843 his
911 2791 1019 2845 omissis
1031 2788 1065 2844 ad
1077 2790 1217 2866 passiones

163 2870 291 2927 humanas
308 2871 474 2930 divinitatem
485 2874 625 2931 deducant.
657 2894 751 2931 verum
763 2875 881 2951 oportuit
894 2894 938 2929 eas
950 2894 995 2931 res
1008 2896 1076 2951 quae
1088 2874 1216 2931 adversus

162 2957 284 3013 homiues
302 2966 330 3011 et
347 2956 413 3014 deos
432 2958 557 3016 similiter
574 2970 751 3038 praestantur,
774 2968 804 3015 ut
822 2969 885 3015 sunt
906 2960 1106 3035 genuflexiones
1124 2961 1218 3017 arioru-

163 3044 253 3100 tioues
270 3034 380 3100 munera
397 3047 538 3122 primitiae,
557 3064 612 3102 non
629 3045 723 3101 eodem
741 3045 821 3103 modo
834 3047 959 3122 utrinque
970 3047 1148 3124 interpretari,
1167 3045 1217 3103 sed

162 3138 274 3205 utraque
293 3130 408 3184 seorsim
426 3130 605 3200 considerare,
627 3141 709 3209 prout
725 3134 886 3211 pretiosiora
904 3132 1032 3208 distingui
1050 3132 1159 3188 deceta
1177 3135 1217 3191 vi·

162 3215 242 3284 libus,
262 3225 289 3271 et
305 3214 352 3271 ilia
371 3215 478 3292 quidem
495 3218 616 3273 venerari
631 3229 661 3273 ut
674 3239 741 3297 quae
753 3219 842 3274 divina
854 3221 917 3287 siut,
935 3217 1000 3275 haee
1016 3221 1142 3295 quoniam
1152 3229 1217 3274 sunt

161 3299 275 3358 humana
293 3303 457 3380 contemptui
474 3302 584 3372 habere,
607 3302 672 3361 haee
689 3307 828 3382 passiones
846 3303 952 3362 efficere
968 3314 1025 3363 tum
1043 3306 1072 3360 in
1090 3304 1215 3360 dantibus

161 3397 219 3444 tum
240 3389 269 3443 iu
293 3387 486 3466 aecipientritus
509 3392 614 3467 quoties
636 3389 717 3458 flunt,
741 3395 821 3459 (snut
843 3393 913 3446 euim
935 3388 1048 3446 humana
1070 3399 1098 3446 et
1120 3408 1216 3473 eorpo-

161 3475 232 3541 τοι),
250 3473 296 3529 illa
307 3493 372 3530 vero
390 3483 527 3531 eteorum
545 3477 726 3554 operationem
743 3476 913 3536 vehementer
930 3476 1070 3545 honorare,
1089 3478 1215 3552 qnoniam

162 3559 230 3614 flunt
260 3559 368 3616 silentio
396 3561 511 3639 quodam
533 3563 619 3639 gravi,
651 3571 678 3618 et
699 3562 844 3620 venerabili
865 3565 1039 3622 consistentia
1060 3562 1163 3619 animae
1189 3571 1216 3617 et

162 3644 257 3720 gaudio
275 3649 371 3704 mentis
389 3658 417 3704 et
433 3648 534 3706 iudicio
551 3648 655 3716 stabili,
672 3658 767 3727 utpote
785 3670 853 3735 quae
870 3650 905 3707 ad
922 3650 988 3708 ‹ieos
1006 3647 1162 3705 reiemntur.
