2776 4876
161 339 198 391 2⁶
1161 335 1213 398 l‚8

164 497 343 585 περιφοραὶ
365 499 410 569 είς
432 488 491 568 τὰς
513 491 672 579 οὐρανίας
692 487 876 581 περιφορὰς
896 494 957 572 τῆς
976 493 1134 576 αίθερίας
1146 507 1214 580 tpa-

160 609 223 693 χῆς
243 608 430 672 ἐντεθεῖσαι
451 599 490 670 τό
512 606 643 691 πρῶτον
664 602 718 670 ἀεὶ
738 600 972 690 ἐνυπάρχουσι,-
986 606 1042 670 ιιαί
1056 607 1093 668 ειί
1107 607 1216 692 ψυχαὶ

162 721 227 782 τῶν
247 713 380 800 κόσμων
400 722 445 792 είς
467 710 526 783 τόν
547 718 629 782 νοῦν
649 718 775 801 ἑαυτῶν
797 713 981 796 ἀνήκουσαι
1008 719 1249 802 „sagmas

160 827 214 895 ὑπ’
240 826 344 894 αὐτοῦ
369 831 497 904 τελείως
525 831 582 893 καί
611 832 646 891 ἐν
673 825 763 911 αὐτῷ
791 825 936 910 πρότως.
952 825 1213 910 ἀπογεννῶνται

161 938 259 1006 καὶὸ
281 943 360 1016 νοῦς
388 936 408 1003 ό
436 963 471 1004 τε
498 935 650 1026 μεριστός
678 935 832 1017 ὡσαύτως
859 942 916 1004 καὶ
944 936 1052 1016 ὁπᾶς
1077 944 1115 1004 ἐν
1144 949 1215 1014 τοῖς

161 1055 323 1139 κρείττοσι
349 1055 456 1135 γένεσι
484 1053 712 1130 συνείληπται..
755 1049 808 1117 ἀεὶ
840 1041 901 1118 οὖν
930 1056 1250 1138 ἐπιστρεφομενωνε

161 1167 228 1229 τοῖν
250 1164 406 1249 δευτέρων
435 1165 488 1228 ἐπὶ
516 1156 558 1226 τὰ
584 1163 699 1248 πρῶτα
717 1167 783 1228 καὶ
804 1165 869 1228 τῶν
891 1160 1063 1249 ιἰνιυτίρων
1083 1162 1215 1240 denn-

161 1271 388 1383 ραδιρρμότων
418 1271 642 1357 ἐξηγουμένων
668 1275 733 1341 τῶν
759 1269 1116 1357 όποὸιεστέρωνςρἀπό
1139 1276 1214 1341 οῦν

161 1383 354 1472 κρειττόνων
374 1397 444 1462 τοῖς
462 1387 608 1470 χείροσιν
630 1380 652 1466 ἥ
674 1408 709 1450 τε
721 1383 829 1451 οὐσία
858 1389 919 1451 καί
935 1381 974 1451 τό
996 1381 1083 1462 εἶδος
1104 1395 1249 1473 παραυ]

162 1502 302 1582 γίνεται,
330 1502 366 1564 ἐν
396 1495 509 1572 αὐτοῖς
537 1519 572 1561 τε
602 1506 672 1573 τοῖς
699 1498 845 1581 βελτίοσι
870 1493 1007 1584 πρώτως
1029 1493 1215 1582 παράγεται

161 1605 203 1675 τό
231 1605 366 1694 ὕστερα,
396 1604 479 1674 ὥστε
508 1605 566 1673 ἀπ’
586 1605 696 1674 αὐτῶν
717 1605 831 1696 ἐφήκει
852 1611 909 1674 καὶ
930 1605 952 1688 ἡ
973 1604 1065 1688 τάξις
1091 1611 1148 1684 καί
1174 1602 1212 1675 τό

161 1725 282 1807 μίτραν
304 1732 372 1798 τοῖς
384 1723 511 1806 χείροσι
524 1722 580 1785 καί
594 1714 681 1784 αὐτοὶ
696 1716 779 1802 ἅπερ
794 1722 883 1785 ἐστὶν
897 1726 1031 1802 ἕκαστα,
1052 1716 1125 1785 ἀλλ’
1142 1717 1215 1805 οὐχὶ
1233 1725 1266 1781 1²

162 1828 329 1897 ἀνάπαλιν
350 1829 418 1899 ἀπὸ
446 1835 512 1897 τῶν
538 1827 722 1896 ἐλαττόνων
744 1834 797 1896 ἐπὶ
824 1824 868 1896 τό
896 1836 1078 1918 προέχοντα
1106 1830 1214 1899 αὐτῶν

163 1949 285 2029 ἐπιρρεῖ
306 1937 349 2008 τὰ
371 1939 543 2028 ἰδιώματα.

249 2054 489 2120 Ἀποδέδεικται
517 2057 578 2138 μὲν
606 2043 666 2123 οὖν
694 2047 750 2120 διὰ
779 2050 904 2121 τούτων
927 2050 1055 2140 ψευδὴς
1083 2045 1169 2122 οὖσα
1183 2054 1213 2136 ’ἡ
1230 2069 1264 2120 -tt

162 2163 299 2246 τοιαύτη
322 2161 546 2249 σωματοειδὴς
568 2167 734 2250 διαίρεσις.
779 2167 844 2231 ἐδτι
865 2167 900 2232 δέ
913 2189 979 2232 που
992 2162 1140 2250 μάλιστα
1153 2169 1214 2250 μὲν

161 2279 262 2361 μηδὲν
290 2275 488 2344 ὑποθέσθαι
514 2279 684 2343 τοιοῦτον·
719 2283 746 2342 ελ
768 2275 798 2341 d’
815 2271 883 2365 ι’ίρα
912 2299 966 2344 σοι
993 2279 1091 2343 τοῦτο
1115 2275 1215 2357 ἔδοξε,

161 2385 208 2474 μὴ
237 2387 351 2469 ἀξιοῦν
379 2384 418 2454 τό
446 2390 571 2480 ψεῦδος
604 2385 714 2472 λόγον.
767 2391 837 2454 ἐπεὶ
863 2387 921 2456 οὐκ
951 2387 1088 2476 εὐπορία
1121 2387 1209 2454 τοῦτ’
1233 2401 1264 2452 18

162 2504 250 2567 ἐστιν
272 2503 417 2586 ἐλέγχων,
439 2496 525 2566 ἀλλά
540 2498 650 2586 μάτην
664 2525 713 2577 τις
727 2495 846 2566 ἑαυτόν
861 2496 980 2578 κόπτει,
1002 2506 1031 2565 at
1050 2495 1093 2565 τὰ
1107 2502 1215 2588 ψευδῆ

234 2672 259 2720 1.
286 2671 399 2737 αἰθρίας
421 2672 452 2721 Α.
528 2668 553 2720 3.
582 2671 750 2737 περιίχοντας
769 2666 799 2720 Β.
873 2670 897 2720 4.
926 2673 951 2721 ἐν
974 2663 1062 2735 αὐτῷ]
1081 2662 1165 2726 αὐτός
1183 2666 1214 2717 Β.

233 2756 261 2806 5.
287 2750 354 2818 ὅτε]
373 2751 440 2806 ὅταν
454 2753 507 2807 Ac.
524 2748 536 2822 ΙΙ
554 2750 619 2818 nde}
632 2761 693 2812 παῖς
706 2753 735 2804 C.
799 2757 823 2807 7.
850 2749 970 2825 &antipa
981 2752 1039 2806 BD.
1104 2754 1131 2806 d.
1159 2762 1215 2812 τοῖς

125 2902 126 2911 ¹
235 2839 326 2890 οεοῦ.
381 2841 422 2891 10.
441 2838 592 2906 τεΙτὸΒΙ).
647 2840 688 2891 12.
706 2836 1029 2910 μίτροκ]όμετρονΒ(ἶΙ).
1085 2841 1216 2910 ίίτίπιρ-

236 2933 321 2993 ρεῖται
338 2925 371 2976 0.
445 2926 485 2976 18.
513 2917 613 2995 ἀπορία
630 2925 663 2976 Β.
737 2927 776 2978 19.
805 2926 880 2978 κόπει
899 2929 933 2979 0.

166 3084 323 3143 mundorum
341 3085 521 3162 pertingentes
544 3084 580 3141 ad
602 3083 766 3140 intellectum
789 3105 867 3141 suum
884 3085 1055 3164 perseetenb
1077 3105 1109 3142 eo
1132 3087 1216 3146 couti·

167 3181 270 3240 nentur,
289 3173 370 3247 inque
388 3190 420 3227 oo
437 3172 525 3248 primo
536 3180 757 3247 progenerantur:
775 3191 857 3249 porro
870 3171 1022 3229 intellectus
1034 3182 1091 3229 tum
1102 3174 1217 3249 particu-

167 3258 231 3315 laris
253 3269 310 3315 tum
332 3260 412 3313 etiam
434 3255 592 3313 universalis
620 3259 649 3313 in
673 3259 774 3314 naturis
796 3255 953 3319 melioribus,
970 3257 1216 3336 comprehenditur.

167 3366 226 3403 cum
244 3347 326 3422 igitur
343 3363 448 3421 semper
466 3354 654 3400 convertantur
672 3343 788 3400 secunda
806 3343 945 3422 adprime,
964 3356 992 3402 et
1003 3347 1140 3423 superiora
1152 3353 1218 3409 tam·

166 3452 245 3508 quam
267 3430 428 3508 exemplaria
449 3430 547 3486 ducant
569 3429 706 3498 iuferiora,
729 3453 744 3487 a
765 3429 920 3490 melioribus
944 3443 1001 3488 tum
1021 3433 1137 3488 essentia
1160 3440 1217 3486 tum

167 3517 250 3572 forma
268 3516 303 3573 ad
320 3516 451 3573 deteriora
474 3517 621 3584 derivatur,
647 3519 727 3592 inque
748 3518 988 3594 praestantioribus
1008 3521 1096 3597 primo
1119 3517 1218 3596 produ·

167 3612 264 3661 cuntur
281 3606 444 3680 posteriora,
469 3603 536 3661 adeo
559 3603 591 3658 ah
610 3601 665 3659 illis
683 3623 834 3659 mensuram
850 3613 878 3660 et
895 3604 1017 3662 ordinem
1033 3605 1218 3683 adipiscuntur

168 3688 301 3744 deteriora
318 3699 347 3744 et
364 3690 493 3766 quiequid
509 3689 618 3754 tandem
635 3693 699 3758 sint,
717 3709 772 3745 non
790 3692 849 3748 vice
860 3710 939 3747 versa
948 3691 983 3747 ab
995 3691 1217 3768 indigentioribus

167 3774 202 3831 ad
219 3776 391 3831 eminentiora
409 3786 567 3854 promanant
583 3776 717 3833 idiomata.

240 3857 293 3914 Per
309 3859 375 3917 haee
392 3863 472 3937 igitur
488 3885 549 3920 esse
567 3862 659 3920 falsam
677 3864 916 3920 demonstravimus
933 3862 1007 3920 illam
1024 3885 1039 3918 a
1057 3863 1217 3941 corporibus

168 3948 278 4025 potitam
296 3945 503 4004 distinctionem,
529 3953 649 4027 oportuit
665 3961 752 4006 autem
769 3951 893 4028 inprimis
911 3949 978 4017 nihil
991 3949 1145 4008 huiusmodi
1156 3969 1217 4028 pro·

168 4034 305 4112 posuisse,
329 4028 372 4086 vel
390 4033 414 4086 si
432 4032 461 4088 id
478 4034 528 4090 tihi
546 4036 698 4105 videbatur,
722 4058 777 4094 non
795 4047 883 4093 tamen
905 4036 1086 4115 disputatione
1109 4037 1217 4112 d'gntm

167 4121 343 4185 existimasse.
354 4117 427 4194 quod
444 4117 538 4176 falsum
556 4132 610 4188 est3
627 4123 679 4182 hoc
698 4127 768 4181 enim
786 4143 840 4180 non
857 4134 900 4180 est
916 4127 993 4203 eopia
1005 4133 1218 4200 argumentorum
1266 4141 1276 4151 ·

167 4205 309 4274 abundare,
329 4205 379 4263 sed
395 4206 510 4263 inaniter
526 4227 556 4264 se
575 4210 634 4283 quia
652 4209 751 4286 fatigar,
770 4230 831 4268 mm
843 4230 911 4286 quae
922 4209 988 4268 falsa
998 4220 1064 4269 sunt
1074 4219 1217 4289 proponat,
