2776 4876
146 370 214 437 1,13Ι
1160 376 1197 430 13

234 530 306 595 Καὶ
327 527 369 612 δὴ
391 533 448 597 καὶ
469 536 506 596 αἱ
527 534 588 612 τῆς
600 527 738 616 μήνιδος
752 527 910 611 δξιλόσιις
923 535 1054 599 ίσονται
1069 543 1197 622 σαφεῖς,
1216 545 1254 604 13

144 635 205 706 ἐὰν
232 637 295 721 τὴν
328 644 430 726 μῆνιν
458 645 524 708 τῶν
551 645 643 708 θεῶν
669 639 930 727 καταμάθωμεν.
975 640 1059 724 αὕτη
1086 649 1198 711 τοίνυν

109 750 219 840 θοόχ,
243 750 287 830 ὡς
308 754 398 819 δοκεῖ
418 759 500 832 τισί,
528 749 657 820 παλαιά
684 757 734 830 τίς
756 759 824 820 ἐστι
850 758 907 820 καὶ
934 758 1077 842 ίμμονος
1106 754 1197 844 ὀργή,

145 857 232 929 ἄλλα
253 865 314 944 τῆς
335 863 556 953 ἀγαθουργοῦ
576 866 773 948 κηδεμονίας
786 869 860 950 περὶ
876 868 969 932 θεῶν
989 864 1198 957 ἀποστροφή,

145 971 190 1056 ἢν
209 974 307 1042 αὐτοὶ
335 971 472 1054 δαντοίις
499 975 783 1064 α’ποστρέιμαντες,
811 973 920 1062 ὥσπερ
949 985 984 1044 ἐν
1008 981 1199 1066 μεσημβρίᾳ

110 1084 259 1178 στρατὸς
279 1083 602 1177 κατακαλυψάμενοι,
625 1085 743 1166 σκότος
763 1093 893 1166 ἑαυτοῖς
914 1086 1121 1175 ὲπηγόγομιν
1142 1094 1199 1156 καὶ

146 1195 415 1288 α’πεοτερήσαμεν
442 1194 578 1274 taurona
605 1203 665 1279 τῆς
693 1204 759 1266 τῶν
781 1202 874 1265 θιῶν
901 1197 1038 1285 ἀγαθῆς
1066 1199 1197 1280 δόσεως.

147 1306 286 1376 δύναται
307 1301 368 1376 οὖν
388 1309 411 1391 ἡ
434 1310 577 1391 ἐξίλασις
598 1308 686 1396 ἡμᾶς
708 1317 903 1398 ἐπιστρέψαι
923 1308 1007 1399 πρός
1019 1309 1083 1394 τὴν
1094 1317 1198 1400 κρείτ-

112 1440 230 1491 ντονα
251 1425 438 1505 μετουσίαν,
466 1425 522 1488 καὶ
543 1418 605 1503 τὴν
627 1421 873 1508 ἀνισταλμίνην
894 1421 955 1516 ἀφ’
974 1422 1069 1507 ἡμῶν
1096 1428 1199 1491 θείαν

147 1534 347 1617 κηδεμονίαν
369 1538 413 1610 είς
427 1538 601 1600 κοινωνίαν
614 1546 847 1619 προσαγαγεῖν,
868 1538 924 1601 καὶ
945 1538 1107 1616 συνδῆσαι
1121 1557 1199 1622 συμ-

147 1647 273 1732 μίτρας
292 1640 335 1709 τὰ
356 1640 557 1730 μετιγόμτνιί
579 1668 615 1711 τι
635 1648 692 1710 καὶ
712 1644 1013 1731 μεταλαμβάνοντα
1034 1644 1118 1735 πρὸς
1139 1643 1199 1714 σίλ-

97 1771 131 1821 12
148 1757 243 1835 ληλα.
279 1758 440 1822 τοσοῦτον
462 1748 522 1823 οὖν
543 1755 708 1848 ἀφέστηκε
729 1761 789 1824 τοῦ
810 1753 865 1823 διὰ
886 1755 1200 1837 aduocauerunt

150 1860 189 1931 τό
209 1869 328 1947 ἑαυτῆς
348 1870 452 1955 ἔργον,
475 1864 557 1933 ὥστε
579 1871 635 1933 καὶ
658 1867 748 1952 ἡμᾶς
768 1867 929 1960 ἀφίστησι
950 1875 1010 1953 τῆς
1023 1872 1200 1957 ιμπαδοῠς

149 1981 206 2043 καὶ
226 1976 438 2066 ταραχώδους
459 1973 527 2044 ἀπό
548 1983 616 2045 τῶν
635 1983 729 2047 θεῶν
750 1978 976 2071 ἀποστροφῆς.
999 2020 1001 2024 ·

98 2112 133 2162 15
237 2091 286 2155 At
308 2089 338 2155 δ’
358 2089 511 2169 ἐκδόσεις
532 2088 551 2158 ό
573 2115 607 2157 τι
627 2089 765 2178 πάρεστι
786 2089 888 2160 κακόν
910 2101 1030 2172 ἐντοῖς
1049 2097 1201 2179 πιρὶγῆν

150 2199 264 2279 τόποις
286 2200 471 2290 ὶατρεόουσι
497 2208 553 2269 καὶ
580 2201 898 2292 παρασκευάζουσιν,
926 2203 1008 2274 diota
1036 2210 1201 2292 μηδεμίαν

149 2309 277 2400 τροπὴν
302 2310 461 2394 ἢπυίδος
490 2340 523 2382 τι
548 2320 623 2400 περὶ
650 2315 739 2402 ἡμᾶς
765 2319 935 2401 γενέσθαι.
981 2317 1042 2384 ι’ίτε
1065 2309 1123 2385 οὖν
1145 2313 1200 2382 διὰ

100 2444 132 2494 18
149 2426 243 2492 θοῶν
275 2425 337 2492 ιίτι
372 2426 428 2492 διὰ
456 2426 623 2512 δαιμόνων
656 2426 677 2508 ἡ
704 2425 840 2508 τοιαύτη
867 2433 1011 2512 γίνοιτο,
1049 2423 1202 2513 βοηθοὺς

222 2571 246 2622 4.
274 2565 463 2643 α’γαθουργοῐι]
481 2573 515 2623 sic
533 2571 588 2634 AC,
605 2567 777 2645 όγοδοεργοῦ
796 2572 827 2625 0.
840 2564 1035 2642 {lardosanctus
1053 2570 1084 2624 Β.
1101 2567 1114 2641 ΙΙ
1131 2569 1200 2643 περὶ]

223 2658 298 2728 παρὰ
316 2677 400 2724 margo
420 2662 448 2711 Α.
525 2661 549 2712 5.
575 2656 666 2725 αὐτοὶ]
685 2655 767 2718 αὐτὸς
785 2656 815 2710 Β.
837 2653 850 2728 ΙΙ
870 2661 976 2719 ἑαυτοῖς
994 2659 1027 2712 0.
1100 2660 1125 2711 6.
1152 2681 1202 2710 κα-

223 2743 406 2813 ταίυψάμενοι
431 2742 460 2797 C.
490 2739 503 2815 ss
532 2742 689 2816 ίπιγυίγομεν
709 2746 738 2798 Β.
863 2747 886 2796 7.
923 2740 1146 2816 ἀποστερήσωμεν
1169 2744 1200 2798 Β.

224 2832 264 2884 10.
293 2839 452 2899 προαγαγεῖν
471 2831 551 2885 ABD.
637 2835 677 2886 15.
705 2837 823 2892 ἐκθέσεις
845 2831 875 2883 Β.
962 2833 1057 2884 1118.
1086 2833 1137 2885 εἴτε
1156 2821 1203 2885 οὖν

222 2918 267 2970 διὰ
286 2917 355 2971 θεῶν
374 2938 425 2970 om.
445 2917 477 2971 C.
549 2921 590 2972 18.
617 2920 733 2987 γίγνοιτο
751 2917 832 2971 Act).

222 3037 278 3094 Sed
296 3047 324 3094 et
341 3040 397 3096 irae
413 3040 519 3097 divinae
535 3042 738 3118 procurationes
756 3040 911 3098 manifestae
928 3050 1013 3107 erunt,
1030 3041 1056 3094 'si
1072 3049 1148 3096 recte
1164 3041 1203 3095 in·

153 3123 302 3202 tolligamus
321 3125 408 3201 qualis
426 3129 462 3183 sit
479 3127 590 3184 deorum
608 3129 654 3183 ira.
697 3138 776 3204 atquc
794 3149 824 3184 ca
842 3127 949 3204 quidem
960 3146 1016 3182 non
1028 3134 1078 3192 cst,
1097 3135 1127 3180 ut
1138 3145 1203 3180 non·

153 3210 234 3267 nullis
251 3210 366 3281 videtur,
389 3215 536 3271 inveterata
556 3213 684 3290 quaedam
703 3225 730 3271 et
747 3234 905 3293 permanens
924 3212 1069 3280 iracundia,
1092 3213 1141 3269 sed
1158 3214 1203 3269 bc-

152 3299 254 3356 ueiicae
276 3299 386 3356 deorum
409 3302 615 3357 curacaversio
639 3300 780 3377 quaedam,
808 3322 887 3379 qnam
911 3301 1026 3378 quidem·
1039 3318 1135 3357 *curam
1156 3300 1202 3355 ubi

152 3389 312 3464 nosmetipsi
334 3388 540 3442 averterimos‘a
560 3387 651 3454 nobis,
675 3397 807 3464 tamquam
832 3410 846 3445 a
870 3389 930 3445 lucc
952 3387 1072 3444 meridici
1089 3405 1141 3442 nos
1159 3387 1204 3442 ab·

153 3471 324 3540 scandentes,
343 3473 468 3529 tenebras
486 3474 565 3530 uobis
583 3477 753 3543 accersimus,
777 3486 804 3532 et
820 3476 890 3532 bona
908 3475 1018 3531 deorum
1040 3472 1204 3548 indulgentia

152 3579 203 3615 nos
222 3560 275 3635 ipsi
293 3561 436 3635 privamus.
471 3570 563 3637 potest
581 3571 669 3617 autem
686 3561 803 3639 placatio
819 3581 870 3617 nos
893 3564 989 3617 iterum
1012 3562 1154 3616 restituere
1175 3561 1204 3614 in

152 3647 387 3722 participationem
405 3645 530 3713 divinam,
550 3657 577 3702 et
593 3647 790 3724 providentiam
808 3648 926 3704 divium
943 3668 958 3701 a
976 3648 1054 3703 uobis
1073 3647 1205 3703 divulsa!

152 3736 251 3790 iterum
270 3731 303 3786 ad
321 3751 352 3786 se
369 3732 615 3789 communicandum
633 3736 754 3803 inritare,
774 3744 801 3791 et
818 3733 909 3790 debito
921 3733 1002 3788 modo
1014 3735 1204 3811 participantes

153 3840 214 3878 cum
231 3819 401 3897 participatis
420 3827 511 3873 mutuo
530 3832 697 3877 connectere.
731 3830 834 3876 tautum
851 3821 933 3896 igitur
949 3820 1026 3876 abest
1042 3829 1073 3875 ut
1089 3819 1205 3898 patibili-

153 3909 217 3964 tatis
236 3909 390 3962 interventu
407 3923 476 3982 opus
499 3924 577 3960 suum
599 3906 705 3984 expleat
726 3906 772 3962 illa
794 3905 922 3984 placatio,
944 3916 975 3962 nt
996 3924 1047 3962 nos
1066 3910 1145 3963 etiam
1163 3927 1203 3962 re·

153 4003 233 4050 vocet
252 3993 284 4047 ab
303 3993 375 4047 omni
389 3993 528 4047 aversione
546 4013 560 4046 a
579 3990 640 4058 diis,
659 4012 726 4069 quac
738 3993 908 4072 passionibus
920 4003 947 4048 et
960 3992 1204 4070 perturbationibus

154 4080 233 4158 plena
252 4090 301 4135 est.

226 4166 412 4222 Lustrationcs
431 4173 526 4235 autern,
546 4166 650 4241 quotics
668 4164 736 4223 iocis
754 4177 841 4223 terrac
859 4168 954 4222 vicinis
973 4164 1073 4241 aliquid
1091 4163 1153 4219 mali
1165 4167 1204 4222 in·
1222 4166 1260 4226 13

156 4254 243 4321 cubat,
262 4253 402 4309 medentur
420 4261 447 4308 et
463 4263 579 4321 tuentur,
597 4261 627 4309 ut
644 4251 717 4310 nulla
734 4256 847 4311 mnutio
857 4262 902 4308 aut
912 4255 1003 4331 passio
1014 4252 1102 4329 possit
1114 4253 1141 4308 in
1153 4272 1203 4310 noa
