2776 4876
211 349 267 404 268
1212 344 1268 408 no

213 501 316 593 εὑρών
338 501 634 591 ἀναγεγραμμένην
661 506 697 566 έν
718 491 959 592 ίερογλυφικοῖς
980 494 1155 584 γράμμασι
1180 491 1268 563 narei

213 612 307 680 Σάιν
328 612 389 694 τῆν
412 620 447 679 έν
471 611 642 697 Αἰγύπτῳ·
664 607 705 677 τό
727 635 762 677 τε
784 613 845 678 τοῦ
867 611 954 676 θεοῦ
976 603 1084 694 ὄνομα
1098 610 1269 695 παρέδωκε

212 720 251 793 td
275 727 390 805 διῆκον
412 722 454 790 δι’
475 720 556 790 ὅλου
577 726 639 789 τοῦ
659 718 801 807 κόσμου·
824 724 887 788 eloi
908 723 942 787 δὲ
958 723 1014 786 καὶ
1028 716 1130 786 ἀλλον
1143 721 1303 788 πολλαὶε

212 840 287 925 περὶ
307 838 373 902 τῶν
395 833 504 901 αὐτῶν
532 829 713 914 συντάξεις,
743 829 824 899 ὥστε
847 831 905 899 οὐκ
928 830 1044 919 ὀρθῶς
1072 854 1131 916 μοι
1160 833 1269 908 δοκεῖς

212 944 325 1014 πάντα
355 949 406 1012 au
437 940 560 1033 φυσικά
588 940 723 1032 ἀνάγειν
755 943 846 1011 αίτια
876 940 920 1010 τά
954 941 1033 1029 παρ’
1062 945 1268 1028 Αἰγυπτίοις.

214 1063 275 1126 aiot
298 1082 332 1124 τε
355 1054 420 1143 γὰρ
442 1054 542 1142 ἀρχαί
564 1055 641 1142 παρ’
657 1055 771 1133 αὐτοῖς
785 1058 933 1132 πλείονες
947 1057 1003 1120 καὶ
1017 1057 1093 1144 περὶ
1107 1049 1270 1120 πλειόνων
1289 1074 1306 1124 6

214 1169 342 1247 οὐσιῶν,
362 1164 578 1254 ἀπερυόσμιοί
599 1191 634 1233 τε
657 1165 810 1253 δυνάμεις
825 1162 866 1244 ἀς
888 1169 945 1233 καὶ
960 1162 1016 1232 διά
1030 1168 1089 1247 τῆς
1103 1169 1271 1255 ἱερατικῆς

213 1279 380 1366 ἁγιστείας
402 1275 643 1362 ἑθεράπευσαν.
681 1281 755 1364 ἐμοὶ
776 1281 837 1364 μέν
859 1269 918 1345 οὖν
931 1271 1045 1355 κοινάς
1058 1280 1165 1343 ταῦτα
1179 1279 1272 1363 δοκεῖ

217 1393 426 1479 παρέχεσθαι
440 1385 599 1481 ἀφορμάς
613 1396 657 1467 είς
671 1385 732 1470 τῆν
748 1385 898 1455 διάλυσιν
912 1391 968 1455 καὶ
983 1392 1049 1469 τῶν
1062 1383 1148 1474 μετά
1161 1390 1271 1454 ταῦτα
1292 1402 1309 1454 a

215 1503 473 1586 ἐπιζητουμένων
503 1497 598 1567 ὅλων.
645 1499 718 1566 ἀλλ’
744 1503 813 1567 ἐπεὶ
841 1500 891 1567 δεῖ
918 1500 1020 1586 μηδέν
1049 1496 1272 1578 ἀνεξέταστον

214 1612 322 1679 αὐτῶν
343 1616 549 1701 παραλιπεῖν,
571 1608 841 1698 προστιθῶμεθα
863 1614 920 1677 καὶ
941 1606 1072 1688 τούτοις
1093 1618 1163 1688 τοῖς
1185 1634 1272 1697 προ-

213 1719 369 1809 βλῆμασι,
390 1721 653 1811 περικροάσωμέν
666 1746 700 1788 τε
716 1719 802 1789 αάτά
823 1719 1051 1808 πανταχόθεν,
1074 1719 1117 1787 ἵν’
1133 1722 1273 1807 εἰδῶμεν
1293 1732 1327 1783 12

214 1829 277 1925 ὅπῃ
302 1830 437 1921 σαθρόν
458 1858 490 1899 τι
513 1830 707 1912 διαδοξάζει.

176 1947 196 2006 6
302 1950 422 2029 Λέγεις
443 1948 556 2011 τοίνυν
578 1942 622 2022 ὡς
643 1946 834 2029 Αίγυπτίων
857 1949 888 2012 ot
911 1947 1042 2022 πλείους
1069 1948 1125 2012 καὶ
1147 1939 1188 2011 τδ
1210 1944 1268 2036 ἐφ’

213 2055 293 2144 ῆμῖν
315 2062 350 2122 aa
371 2059 431 2137 τῆς
453 2057 518 2122 των
540 2053 687 2144 ἀστέρων
709 2053 848 2146 ἀνῆψαν
868 2053 1034 2137 κινήσεως.
1079 2051 1119 2122 τά
1142 2057 1178 2124 δὲ
1200 2060 1274 2134 πῶς
1293 2070 1326 2121 15

215 2171 279 2255 ἔχει
301 2171 350 2235 δεῖ
372 2163 427 2233 διά
448 2165 608 2234 πλειόνων
630 2162 698 2232 ἀπά
719 2168 785 2233 τῶν
804 2165 990 2254 Ἑρμαϊκῶν
1013 2188 1067 2235 σοι
1092 2163 1274 2254 νοημάτων

285 2379 310 2430 2.
338 2374 422 2443 Zeita]
441 2372 503 2430 σάιν
521 2374 552 2429 C.
623 2377 649 2428 δ.
676 2373 709 2427 ab
727 2373 817 2444 deipnos
830 2370 1135 2447 δι’ὄίουτσῦιιόσμον]
1154 2375 1272 2428 similiter

285 2464 351 2532 apud
369 2462 532 2514 Plutarchum
551 2462 582 2514 de
598 2463 623 2514 J.
641 2475 665 2514 et
683 2461 716 2514 0.
734 2462 777 2516 40.
796 2461 886 2528 iegitur
902 2462 935 2516 τδ
953 2465 981 2516 δὲ
1004 2463 1121 2517 δεκτικὸν
1139 2459 1272 2531 (πνεῦμα)

281 2545 416 2620 Ἄμμωνα,
439 2547 583 2620 Δήμητραν
601 2548 629 2600 δὲ
646 2549 692 2600 καί
709 2545 800 2620 Κόρην
822 2549 855 2602 τὸ
874 2548 920 2601 διά
937 2545 986 2618 τῆς
1003 2547 1051 2618 γῆς
1072 2551 1118 2602 καί
1135 2549 1186 2602 τάν
1204 2567 1273 2617 καρ-

285 2637 340 2688 πῶν
358 2632 456 2704 διῆκον.
548 2633 574 2685 4.
601 2632 661 2704 περί
678 2631 743 2700 τάν]
763 2633 799 2685 aio
817 2633 862 2687 AC
873 2635 943 2702 Rea,
961 2638 1022 2708 περὶ
1040 2636 1074 2689 0.
1150 2635 1196 2707 d.
1224 2630 1270 2698 τε]

284 2721 321 2772 sic
338 2720 399 2781 Ac,
426 2741 478 2772 orn.
497 2721 529 2773 Ο.
639 2719 680 2772 10.
708 2720 895 2791 ίπιζητημίυων
913 2721 949 2784 Β,
977 2721 1169 2791 ἐπεζητημίνων
1189 2717 1271 2770 ACD.

297 2801 310 2874 ΙΙ
322 2803 376 2870 δεῖ]
396 2806 428 2872 δὴ
447 2807 481 2858 D.
564 2807 604 2857 11.
632 2804 845 2876 προσιστάμεθα
864 2807 944 2860 ACD.
1022 2809 1063 2861 15.
1090 2801 1176 2878 ἀέριον
1195 2803 1271 2871 (corr.

286 2886 420 2960 ἀστέρων)
440 2891 496 2944 CD.

215 3086 303 3167 phiois
329 3088 457 3164 scriptam
479 3089 535 3165 regi
552 3086 678 3144 Ammoni
701 3090 839 3166 exposuit3
862 3098 893 3145 ut
914 3098 943 3145 et
959 3087 1084 3158 tradidit,
1107 3087 1152 3144 dei
1174 3104 1272 3143 nomen

215 3174 366 3250 significare
383 3172 412 3228 id
430 3172 503 3250 quod
525 3183 612 3230 totum
634 3173 762 3230 mnndum
784 3174 914 3252 pervadit.
962 3174 1011 3231 sed
1034 3184 1062 3231 et
1082 3173 1151 3231 uliae
1172 3172 1272 3230 multae

215 3269 279 3317 sunt
297 3258 440 3316 earundem
458 3280 545 3316 rerum
559 3259 751 3328 ordinationes,
770 3260 836 3316 adeo
848 3271 879 3317 ut
890 3259 955 3317 mihi
967 3261 1083 3318 videaris
1096 3262 1185 3317 minus
1198 3269 1273 3314 reete

215 3348 303 3402 omnia
323 3346 512 3424 Aegyptiorum
530 3348 598 3403 scita
616 3346 650 3402 ad
669 3367 762 3403 causas
780 3347 914 3404 naturales
933 3368 1067 3405 rovocare.
1115 3355 1178 3402 sunt
1197 3346 1271 3401 enim

216 3432 287 3511 apud
306 3452 353 3488 eos
372 3435 503 3510 principia
521 3432 599 3510 plura
617 3441 644 3488 et
662 3431 771 3508 quidem
788 3453 870 3511 snper
887 3433 979 3512 plures
998 3435 1138 3501 essentias,
1161 3439 1225 3487 sunt
1244 3440 1275 3486 et

215 3529 363 3596 potestates
385 3517 615 3598 supermundanae
641 3538 707 3594 quas
732 3539 762 3574 re
785 3539 860 3577 saera
887 3519 1020 3577 colebant.
1068 3517 1184 3576 ethaeo
1205 3514 1274 3572 mibi

216 3602 323 3679 quidem
340 3604 467 3662 videntur
485 3604 629 3661 ostendere
647 3604 826 3663 universalem
845 3605 978 3683 quandam
995 3608 1126 3663 rationem
1138 3602 1172 3659 ad
1184 3604 1274 3659 omnia

215 3708 284 3766 qnae
301 3702 448 3766 sequuntur
466 3691 546 3747 dubia
565 3689 743 3770 expedienda:
763 3691 813 3747 sed
831 3695 957 3769 qnoniam
974 3691 1072 3748 borum
1089 3688 1159 3747 nibil
1176 3691 1275 3766 imper·

215 3776 376 3850 vestigatum
394 3787 500 3855 oportet
517 3779 742 3855 praetermittere,
767 3776 895 3835 addamus
914 3799 944 3835 ea
967 3777 1009 3834 bis
1032 3776 1224 3856 problematis,
1247 3784 1276 3830 et

213 3859 392 3937 ‘undequaque
410 3863 617 3933 contundam,
642 3874 673 3921 ut
689 3862 826 3920 videamus
850 3864 940 3941 siquid
958 3866 1046 3921 minus
1065 3884 1130 3921 sane
1148 3864 1276 3942 opinatus

216 3945 306 4004 fueris.

179 4039 199 4098 6
286 4032 365 4090 Dicis
384 4034 465 4110 igitur
483 4055 543 4092 esse
562 4056 728 4093 communem
745 4035 940 4115 Aegyptiorum
963 4039 1123 4094 sententiam
1146 4032 1221 4112 quod
1243 4032 1276 4089 li·

216 4119 310 4177 berum
328 4120 468 4176 arbitrium
484 4119 601 4197 pendeat
618 4133 718 4179 amoto
731 4133 872 4181 astromm.
909 4123 961 4180 hoo
980 4133 1069 4180 autem
1088 4120 1225 4199 quomodo
1245 4141 1276 4176 se

184 4251 186 4255 ,
216 4204 298 4262 babet
311 4218 419 4284 oportet
430 4207 480 4264 tibi
492 4204 615 4284 pluribus
628 4209 954 4285 explicareexHermetis
974 4211 1155 4288 opinionibus.
1192 4208 1277 4264 bomo
