2776 4876
215 344 266 397 112
1216 341 1241 405 3,
1253 344 1269 394 6

215 503 312 566 τινῶν
334 500 502 574 παντελεῖς
524 519 557 561 τε
581 495 683 563 αὐτοῦ
703 495 869 583 ἠρεμαῖοι,
892 493 999 576 τάξεις
1020 518 1054 561 τε
1080 493 1271 582 ἐναρμόνιον

219 614 274 677 καὶ
292 617 421 697 χορεῖαι
442 611 498 674 καὶ
520 611 629 697 φωναὶ
652 610 800 693 ἐμμελεῖς
820 603 843 686 ἢ
864 606 1027 675 τάναντία
1050 604 1191 674 τούτων·
1214 612 1271 674 καὶ

213 718 287 800 ἤτοι
309 715 347 786 τό
370 723 466 804 σῶμα
485 715 703 808 ἐπαιρόμενον
725 719 846 807 ὁρᾶται
867 715 889 798 ἢ
912 714 1146 803 ὃιογνοῦμενον
1166 715 1190 798 ἢ
1212 744 1269 804 με·
1287 732 1302 782 3

213 836 335 918 τέωρον
362 837 398 898 έν
419 829 561 915 τῷ,ἀέρι
589 828 775 920 φερόμενον
801 824 824 911 ἢ
851 828 1013 896 τάναντία
1041 827 1167 896 τούτων
1195 835 1270 918 περὶ

213 937 295 1010 αῦτό
319 943 473 1031 φαίνεται
494 940 686 1028 γιγνόμενα·
716 943 830 1032 φωνῆς
851 966 886 1008 τε
908 937 1076 1028 ὁμαλότης
1104 936 1190 1008 κατά
1212 945 1268 1027 με·

212 1056 317 1140 χεθος
338 1046 360 1134 ἢ
382 1048 467 1119 κατά
489 1048 531 1118 τά
552 1050 675 1139 μεταξὺ
696 1049 991 1140 διαλαμβανόμενα
1012 1056 1053 1145 τῇ
1076 1055 1181 1145 σιωπῇ
1196 1055 1302 1119 δια-6

213 1161 366 1250 στόματα
389 1160 495 1245 πολλὴ
524 1162 702 1252 θεωρεῖται
728 1167 785 1231 καὶ
814 1164 1004 1249 ἀνωμαλία,
1032 1154 1136 1240 αὖθις
1164 1166 1268 1230 ἐνίοτε

212 1281 374 1362 μουσικῶς
388 1280 448 1361 μέν
462 1281 709 1362 ἐπιτεινομένων
718 1279 774 1344 καί
787 1275 964 1362 ἀνιεμένων
974 1278 1042 1342 τῶν
1051 1267 1151 1360 ἤχων,
1163 1275 1267 1341 ἐνίοτε

213 1385 244 1454 δ’
261 1383 366 1455 ἀλλον
386 1384 518 1474 τρόπον.
1186 1428 1188 1434 <
1286 1396 1302 1447 9

175 1504 195 1562 6
308 1493 354 1564 Τό
378 1501 412 1565 δὲ
433 1503 588 1584 μέγιστον
611 1497 731 1587 ὁρᾶται
759 1502 805 1583 τοῦ
826 1501 1056 1582 θεαχωχοῦντι
1083 1493 1123 1562 τό
1152 1490 1268 1562 κατιόν

211 1613 340 1695 πνεῦμα
361 1614 418 1676 καὶ
439 1607 691 1698 είσιιρινόμενον,
713 1606 796 1677 όσον
817 1614 851 1676 τί
874 1615 943 1676 έστι
964 1613 1021 1675 καὶ
1044 1606 1176 1675 ὁποῖον·
1206 1631 1267 1692 μυ-

213 1725 330 1799 στικῶς
351 1745 385 1788 τε
408 1724 563 1787 πείθεται
585 1723 641 1787 καὶ
656 1722 919 1806 διακυβερνάται.
965 1718 1085 1807 ὁρᾶται
1100 1721 1134 1786 δὲ
1149 1721 1206 1785 καὶ
1220 1719 1268 1802 τῷ
1286 1722 1319 1779 12

212 1835 374 1919 δεχομένῳ
395 1826 435 1899 τό
457 1835 517 1898 τοῦ
539 1827 642 1920 πυρός
670 1829 756 1908 εἶδος
783 1830 848 1921 πρό
872 1835 932 1898 τοῦ
961 1832 1135 1918 δέχεσθαι·
1164 1833 1267 1896 ἐνίοτε

212 1945 247 2010 δὲ
269 1945 409 2021 καὶτοῖς
431 1946 599 2029 θεωροῦσι
620 1944 723 2011 πᾶσιν
745 1945 882 2024 ἔκδηλον
904 1946 1035 2027 γίνεται,
1058 1940 1120 2008 είτε
1135 1935 1266 2007 κατιόν-

210 2078 267 2132 τος
289 2049 311 2134 ri
333 2052 585 2142 ἀναχωροῦντος
606 2058 667 2121 τοῦ
688 2057 790 2121 θεοῦ·
819 2053 880 2143 ἀφ’
900 2045 940 2120 οῦ
963 2048 1004 2135 δὴ
1032 2056 1089 2120 καί
1115 2048 1155 2119 τό
1183 2050 1265 2132 ἀλη-
1285 2064 1317 2114 15

210 2167 380 2231 θέστατου
402 2164 507 2232 αὐτοῦ
520 2168 577 2232 καὶ
592 2161 822 2231 δυνατώτατον
836 2169 893 2232 καὶ
907 2161 1051 2249 μάλιστα
1065 2169 1265 2249 τεταγμένον

210 2279 284 2363 περὶ
305 2279 404 2343 τίνων
426 2300 460 2342 τε
483 2282 626 2367 πέφυκεν
648 2271 829 2356 ἀληθεύειν
850 2278 907 2341 καὶ
929 2279 1004 2342 τίνα
1026 2273 1166 2362 δύναμιν
1180 2298 1265 2362 παρ-

211 2392 293 2472 ἐχειν
315 2383 337 2469 ἢ
359 2390 516 2454 ἐπιτελεῖν
538 2395 608 2465 τοῖς
629 2384 832 2470 ἐπιστήμοσι,
860 2384 1025 2475 χνιόριμου
1054 2390 1187 2472 γίνεται.
1233 2390 1265 2452 οὶ
1284 2393 1318 2445 18

283 2527 306 2577 ί.
332 2519 440 2596 ἠρεμίαν
458 2523 537 2578 Aci).
611 2525 636 2577 3.
663 2522 838 2597 ἐπαρώμενον
856 2525 891 2579 Ι).
964 2527 987 2577 5.
1015 2525 1165 2595 γιγνόμενον
1184 2525 1263 2585 Aci),

285 2612 309 2664 6.
337 2607 407 2678 visci
425 2610 524 2681 μεταξά
544 2609 623 2662 Aci).
696 2611 722 2661 8.
748 2614 794 2678 μὲν
811 2612 942 2680 μουσικῶς
961 2611 1041 2665 ACD.
1122 2613 1146 2664 9.
1175 2608 1265 2665 δ’ἄλ-

283 2694 345 2763 ios]
373 2692 408 2749 δι’
423 2692 502 2749 ἀλλον
525 2697 561 2750 Β.
731 2698 772 2750 12.
810 2698 854 2748 καὶ
871 2694 993 2763 aiterum]
1021 2696 1057 2750 sic
1075 2698 1133 2764 AD,
1161 2719 1210 2751 om.
1231 2700 1263 2752 0.

282 2785 325 2837 14.
352 2785 461 2836 indecies
480 2783 513 2835 D.
552 2777 564 2850 ΙΙ
603 2780 670 2854 εἴτε]
702 2778 763 2850 ἤτοι
781 2781 861 2835 Aci).
1022 2784 1062 2835 15.
1091 2781 1140 2853 δὴ]
1168 2786 1208 2838 ἀεῖ
1229 2785 1263 2835 D.

283 2870 323 2923 18.
351 2870 490 2921 rumesiae
508 2868 540 2918 Ι).
778 2861 780 2863 ’

211 2997 256 3054 είίἰ
274 3016 381 3053 rursum
399 2997 508 3051 omnino
527 2997 682 3072 quiescuut3
706 2996 848 3073 aliquando
866 2998 1020 3055 hermoniae
1037 2997 1179 3055 audiuntur
1196 2999 1265 3055 bene

142 3153 144 3156 .
210 3084 347 3140 ordinatae
371 3093 399 3138 et
416 3080 530 3138 choreae
556 3092 583 3138 et
603 3101 684 3139 voces
708 3087 866 3152 concinnae,
882 3083 1033 3161 ‘aliquando
1056 3087 1189 3141 contrario
1213 3083 1263 3141 his.

209 3190 314 3227 rursum
331 3188 430 3246 corpus
448 3187 541 3224 eorum
557 3167 602 3224 vel
621 3188 795 3225 concrescere
812 3170 919 3227 videtur
941 3173 969 3226 in
993 3164 1076 3226 altum
1097 3169 1141 3227 vel
1165 3172 1194 3226 iu
1212 3191 1265 3226 am-

210 3255 294 3335 plum,
312 3254 357 3312 vel
374 3275 423 3332 per
441 3259 531 3311 cerem
548 3252 612 3310 ferri
630 3253 752 3323 sublime,
771 3254 815 3312 vel
833 3258 922 3311 omnia
944 3254 988 3312 his
1006 3258 1138 3314 contrarie
1156 3259 1263 3333 petitur.

208 3343 274 3399 item
293 3342 450 3398 observatur
468 3341 545 3397 vocis
563 3340 710 3416 aequabilis
728 3350 807 3397 tenor
825 3351 853 3397 et
870 3344 1015 3410 contentio,
1034 3344 1130 3398 iterum
1147 3346 1264 3398 varietas

208 3427 322 3506 plurima
339 3437 452 3506 propter
469 3427 629 3504 interposita
648 3425 749 3483 silentii
767 3428 860 3504 spatia,
880 3429 954 3483 sonis
973 3429 1074 3487 musice
1091 3447 1160 3484 uunc
1179 3430 1265 3484 inteu-

209 3515 248 3569 sis
267 3534 337 3570 nunc
355 3513 486 3581 remissis,
504 3511 647 3588 aliqnando
666 3515 745 3568 etium
763 3511 815 3568 elio
833 3511 922 3568 modo.

171 3596 191 3653 6
281 3597 363 3672 Quod
385 3608 474 3654 eutem
496 3597 576 3674 louge
597 3600 739 3654 maximum
758 3607 813 3665 est,
836 3600 860 3654 is
884 3600 930 3674 qui
952 3597 1063 3655 deducit
1084 3617 1195 3666 numen,
1219 3598 1264 3655 oli·

210 3681 315 3759 quaudo
332 3683 407 3740 videt
423 3685 549 3760 spiritum
568 3683 775 3740 descendentem
792 3685 1024 3760 insinuantemque
1041 3705 1079 3752 sc,
1104 3695 1132 3742 ct
1150 3695 1265 3761 (fuemus

208 3769 246 3825 sit
263 3776 291 3822 et
309 3767 407 3843 qualis,
431 3778 511 3846 atque
528 3770 562 3824 ob
581 3789 613 3825 co
632 3771 746 3844 mystice
770 3769 882 3826 docetur
905 3779 932 3825 et
952 3772 1062 3847 regitur.
1112 3771 1158 3846 qui
1176 3780 1264 3826 autem

208 3873 306 3914 numen
330 3854 461 3930 concipit,
489 3865 549 3911 ante
571 3857 771 3932 susceptionem
794 3855 869 3915 videt
891 3856 1024 3931 pandam
1044 3858 1113 3932 ignis
1135 3859 1263 3934 speciem,

208 3958 288 4015 quam
306 3937 414 4014 quidem
432 3941 512 3995 etiem
530 3960 622 4005 omnes
640 3951 796 4018 praesentes
814 3940 957 4018 aliquando
975 3942 1076 4010 vident,
1094 3942 1137 3999 vel
1156 3943 1206 3999 sub
1219 3941 1264 3997 ad-

208 4034 318 4083 veutum
336 4022 380 4078 dei
398 4021 443 4077 vel
460 4025 510 4079 sub
529 4045 681 4082 excessum:
700 4027 771 4085 uude
790 4025 883 4083 herum
902 4048 990 4084 rerum
1008 4030 1089 4106 periti
1107 4030 1208 4105 optime
1225 4031 1263 4082 iu·

209 4109 300 4166 dicant
319 4108 353 4166 de
371 4110 484 4165 veritate
502 4108 536 4164 de
553 4120 687 4186 potestate
705 4123 732 4169 et
749 4117 863 4171 maxime
881 4113 915 4171 de
933 4115 1028 4170 ordine
1045 4115 1126 4172 istius
1137 4114 1261 4179 numinis,

208 4204 235 4249 et
253 4197 349 4271 quibus
368 4196 402 4252 dc
420 4195 500 4253 rebus
518 4215 600 4252 verax
617 4217 678 4254 esse
695 4202 792 4276 possit,
811 4221 877 4276 ques
894 4203 967 4258 vires
983 4201 1120 4278 premere,
1140 4199 1206 4276 quid
1218 4199 1263 4255 de·
