2776 4876
212 349 279 414 to‚1
1212 353 1266 408 285

209 502 422 591 ὑπερέχουσιν
443 501 545 589 ἡμῶν,
567 505 623 569 καὶ
646 507 705 584 τῆς
726 499 879 586 ὅληςτῆς
894 503 1008 582 οὐσίας
1024 505 1187 591 ἡμῶνκαὶ
1204 507 1265 598 φύ-

210 635 291 692 σεως
313 612 518 702 ἐπάρχουσιν.
564 613 637 680 ἀλλ’
657 617 809 682 ἐνταῦθα
831 619 887 683 καὶ
909 613 1054 700 μάλιστα
1081 614 1264 706 σφάλματα

174 725 384 811 εόυμβαίνει
405 736 475 804 τοῖς
496 722 691 812 ἀνθρώποις
712 723 756 792 τοί
776 732 924 813 μέγιστα,
946 727 1043 808 ἡνίκα
1063 723 1108 793 cto
1121 723 1189 794 ἀπὸ
1206 735 1266 811 τῆς

209 834 430 924 ἀνθρωπίνης
451 834 633 916 ἀσθενείας
655 839 910 921 συλλογίζωνταί
930 862 962 904 τι
976 843 1051 925 περὶ
1066 843 1131 905 τῶν
1147 842 1264 925 δαιμο-

207 949 289 1012 νίων
310 952 516 1028 ὲπιστασιῶν,
539 952 595 1014 καί
617 958 686 1027 τοῖς
708 960 837 1036 μικροῖς
858 952 921 1015 καὶ·
937 946 1070 1028 οὐδενὸς
1088 948 1193 1030 ἀξίοις
1208 955 1265 1017 καὶ

174 1070 191 1121 6
209 1058 416 1148 διῃρημένοις
437 1054 480 1125 τοί
501 1055 631 1143 μεγοίλα
656 1064 715 1130 καί
736 1058 897 1146 ἀξιόλογα
925 1063 982 1127 καὶ
1003 1064 1110 1129 τέλεια
1131 1066 1264 1147 τεκμαί-

208 1191 332 1255 ρονται.
377 1172 525 1237 τοσαῦτα
553 1173 610 1237 καὶ
637 1175 712 1258 περί
739 1172 800 1238 τοῦ
821 1173 906 1238 ίδίου
928 1173 1087 1257 δαίμονος
1115 1171 1200 1257 πρός
1229 1196 1264 1241 σε

209 1276 467 1368 ἀνακρινόμεθα
487 1276 571 1371 πρὸς
591 1294 664 1361 τοῖς
685 1285 878 1371 ίμπροσθεν
900 1288 1090 1372 εἰρημένοις.

176 1771 191 1822 υ
296 1752 460 1816 Λείπεται
487 1745 529 1832 δὴ
557 1753 742 1828 τελευταῖος
769 1747 788 1816 ὁ
816 1753 890 1838 περὶ
919 1750 1131 1836 εὐδαιμονίας
1156 1751 1263 1840 λόγος,
1286 1747 1373 1834 Ῑθ,1

208 1863 283 1948 περὶ
305 1853 345 1928 οὗ
367 1857 408 1929 σε)
421 1863 575 1940 ποικίλως
591 1859 799 1945 ἐπεζήτησας,
820 1858 863 1929 τοὶ
877 1865 938 1949 μὲν
951 1864 1066 1950 πρῶτα
1081 1862 1265 1946 ἐπιστάσεις

208 1970 389 2040 ὑποτείνων
411 1975 521 2039 ἔπειτα
544 1974 680 2061 ἀπορῶν
708 1977 764 2040 καὶ
792 1970 876 2060 μετὰ
898 1978 1003 2041 ταῦτα
1033 1975 1264 2044 διαπυνθανό-

158 2101 191 2154 12
208 2108 316 2171 μενος.
353 2086 473 2161 θέντες
487 2076 547 2150 οὖν
562 2090 685 2150 ἕκαστα
706 2086 773 2151 τῶν
787 2086 855 2151 σῶν
869 2075 949 2176 ᾗπερ
970 2080 1055 2151 αὐτοὶ
1069 2084 1264 2174 προήγαγες,

209 2191 483 2284 ἀποκρινούμεθα
498 2217 551 2262 σοι
565 2190 649 2283 πρὸς
663 2191 749 2262 αὐτοὶ
765 2199 964 2284 συμμέτρως.
1003 2199 1184 2278 ἐπέστησας
1198 2194 1262 2287 γιίρ

280 2415 305 2465 1.
329 2407 461 2479 τῆςὸίης]
479 2420 536 2472 τοῖς
549 2409 608 2480 ὅλης
626 2413 660 2466 D.
733 2414 757 2464 2.
785 2408 952 2482 ὑπάρχουσιν
972 2410 1074 2462 ABCD.
1146 2413 1172 2466 ί.
1199 2416 1264 2466 συλ-

280 2495 453 2566 λογίζονταί]
472 2496 507 2549 sic
525 2497 581 2561 CD,
608 2499 809 2565 συλλογίζουταί
826 2497 859 2550 0.
944 2497 968 2548 6.
980 2499 1004 2549 7.
1032 2499 1211 2569 τεκμαίροιτο
1228 2499 1262 2552 D.

280 2588 305 2638 ⁷.
332 2582 448 2637 τοιαῦτα
465 2584 500 2637 Ι).
520 2578 533 2652 ss
553 2581 599 2650 σε]
617 2583 653 2635 sic
671 2582 726 2648 Ac,
744 2603 773 2639 us
793 2585 839 2636 καὶ
856 2582 889 2635 0.
1048 2585 1072 2636 8.
1101 2577 1262 2656 ἀποκρινοί-

257 2676 355 2736 ‚perdo
372 2669 405 2722 0.
514 2671 557 2724 10.
584 2673 696 2729 nostine
714 2670 747 2721 D.
857 2669 899 2722 11.
927 2667 1059 2723 ὑποτίνων
1077 2669 1111 2723 0.

209 3094 273 3164 illis,
286 3114 355 3172 quoe
366 3103 425 3150 toto
437 3112 534 3170 genere
546 3104 574 3150 et
585 3094 681 3151 ordine
689 3103 809 3151 naturam
818 3094 1015 3169 essentiamque
1024 3103 1142 3149 nostram
1151 3102 1263 3171 prorsus

208 3189 377 3259 exsuperant.
422 3181 475 3237 iam
492 3200 556 3237 vero
575 3179 638 3238 hino
656 3182 769 3237 maxime
788 3199 893 3236 errores
910 3178 1064 3235 homiuibus
1082 3181 1203 3254 ingentes
1222 3201 1264 3236 ue·

210 3267 312 3335 rident,
331 3266 437 3344 quando
456 3284 489 3323 ex
506 3264 620 3322 humana
638 3265 791 3322 infirmitate
804 3264 905 3342 aliquid
917 3263 952 3320 de
964 3263 1191 3321 dominationibus
1204 3264 1263 3321 dne-

207 3355 321 3410 mouieis
338 3354 494 3410 ratiocinari
511 3351 608 3420 solent,
626 3361 654 3407 et
674 3371 707 3408 ex
722 3353 814 3429 parvis
831 3351 963 3426 nihilique
980 3349 1109 3406 faciendis
1128 3361 1156 3406 et
1168 3351 1263 3407 divisis

208 3440 328 3514 ingentes
345 3437 565 3514 venerandaeque
583 3447 610 3494 et
626 3436 759 3516 periectas
778 3447 886 3494 naturas
898 3446 1061 3493 mensurant.
1106 3445 1186 3511 atque
1198 3434 1263 3491 haee

208 3535 273 3580 sunt
296 3544 365 3600 quoe
388 3524 438 3579 tibi
456 3523 491 3580 de
509 3524 638 3580 daemone
659 3525 772 3603 proprio
796 3522 991 3602 respondemus
1012 3532 1119 3599 praeter
1140 3542 1172 3578 en
1195 3541 1263 3598 quae

208 3628 288 3688 supra
307 3609 379 3666 dieta
396 3619 467 3668 sunt.
795 3636 797 3641 .

258 3951 374 4008 -Restut
394 3953 449 4007 iam
469 3949 579 4007 ultimus
602 3949 637 4007 de
660 3950 826 4007 beatitudine
847 3970 950 4020 sermo,
977 3953 1006 4008 in
1028 3972 1081 4029 quo
1103 3962 1134 4010 tu
1157 3951 1265 4028 quidem
1286 3952 1303 4010 l

207 4037 281 4094 vurie
298 4040 364 4114 agis,
388 4038 476 4116 primo
498 4038 571 4093 euim
586 4036 742 4114 praetendis
765 4036 930 4095 obieotioues
954 4058 1016 4095 mox
1039 4039 1144 4096 dubitus
1167 4040 1263 4093 iterum

208 4124 345 4201 disquiris.
392 4140 523 4202 ponemus
538 4120 627 4200 igitur
648 4133 694 4180 tna
717 4125 804 4180 omnio
828 4125 950 4181 dictaeo
973 4125 1067 4181 ordine
1091 4141 1143 4199 quo
1165 4131 1195 4177 tu
1218 4120 1263 4177 nd·

208 4210 317 4281 duxisti,
332 4210 434 4268 deinde
450 4210 500 4268 tibi
517 4221 599 4289 prout
617 4210 695 4269 deeot
712 4210 942 4290 respondebimus.
987 4211 1133 4287 suspicaris
1147 4228 1182 4265 ne
1194 4207 1262 4266 forte
