2776 4876
532 359 583 417 Th.
604 358 680 416 Geloi
698 358 834 437 praefatio.
1124 375 1211 416 mu

159 526 234 588 terit
254 523 399 586 atheismi
420 532 610 605 proventus.
657 521 766 585 Thoas
787 523 1002 606 impiissimam
1024 530 1153 608 gentem
1170 520 1210 585 ab

159 656 237 700 oroo
266 634 401 699 rediisse
430 631 527 696 diras.
578 635 728 719 exiguum
758 653 884 716 semper
920 633 980 697 luit
1008 633 1212 698 intervallum

158 751 244 812 iuter
264 768 377 832 regum
400 765 543 808 carceres
567 756 599 808 et
621 740 804 828 sepulchra;
834 744 942 808 divina
965 766 1096 830 quoque
1119 749 1213 809 maie·

159 870 224 924 stas
252 879 370 944 corpus
399 855 495 921 simul
523 854 613 920 credi
640 859 749 941 coepit
779 867 812 921 et
839 856 961 922 eviluit.
1006 861 1154 923 nimirum
1177 869 1214 923 ut

160 972 323 1036 honorare
345 970 387 1048 id,
409 967 499 1054 quod
521 989 587 1032 non
611 977 758 1052 putamus
774 990 852 1046 esse,
877 980 926 1033 est
941 969 1145 1055 impossibile,
1170 973 1213 1033 ita

160 1105 221 1148 nec
249 1082 419 1148 diuturnus
449 1102 520 1145 esse
553 1089 663 1164 potest
691 1083 761 1144 eius
789 1085 836 1144 rei
864 1082 985 1156 bonos,
1020 1104 1114 1166 quam
1145 1103 1214 1146 non

160 1199 301 1261 omnium
325 1217 396 1260 esse
419 1196 570 1280 optimam
595 1191 796 1257 existimabis.

249 1306 527 1393 Quemadmodum
550 1317 655 1369 autem
677 1305 806 1391 physici
820 1313 955 1383 veteres,
978 1309 1093 1390 partim
1115 1310 1214 1371 tacito

160 1424 289 1501 humaui
311 1422 441 1510 generis
464 1439 639 1496 consensu,
668 1419 780 1500 partim
811 1428 965 1481 sectarum
993 1422 1215 1503 potentiorum

162 1532 434 1619 disputationibus
451 1531 559 1594 obruti
584 1539 785 1593 evanuerunt
809 1551 846 1592 ex
868 1530 1031 1593 hominum
1054 1533 1215 1606 memoria,

161 1649 204 1710 ita
227 1645 321 1709 facile
344 1646 499 1730 quispiam
522 1643 671 1730 augimari
694 1643 798 1725 possit
820 1639 1049 1705 modernorum
1074 1643 1216 1727 philoso-

162 1758 299 1844 phorum
321 1759 399 1842 (qui
421 1778 491 1819 cum
513 1758 583 1819 istis
606 1776 717 1840 parum
740 1754 876 1817 honeste
900 1751 940 1817 de
963 1753 1026 1818 deo
1050 1757 1215 1836 sentiunt)

162 1870 291 1935 brevem
315 1880 348 1934 et
370 1872 449 1953 ipsis
470 1870 522 1931 vix
544 1868 748 1951 superstitem
772 1865 842 1929 lore
865 1865 995 1941 lamam;
1017 1888 1091 1931 uam
1114 1877 1147 1930 et
1162 1867 1217 1932 lux

162 1985 306 2047 veritatis
330 1983 442 2066 incipit
464 1980 567 2045 nubes
591 1981 758 2063 oppositas
781 1981 928 2042 educere
950 1981 1016 2043 suis
1030 1978 1160 2057 viribus,
1184 1989 1218 2043 et

163 2093 252 2158 docti
272 2094 417 2157 homines
447 2104 561 2156 contra
589 2102 787 2178 grassantem
815 2093 1011 2176 impietatem
1041 2102 1099 2156 sua
1127 2114 1215 2156 sacra

163 2205 277 2270 multas
300 2205 387 2291 apud
410 2214 524 2293 gentes
547 2203 685 2267 feliciter
708 2217 959 2269 commoverunt.

251 2319 324 2405 Ego
348 2329 468 2396 autem,
497 2325 535 2381 ut
562 2315 646 2379 lanei
674 2314 946 2399 praeponderanti
975 2316 1123 2379 nonnihil
1149 2337 1219 2380 mo-

165 2432 263 2495 menti
285 2429 469 2507 adiicerem,
498 2429 583 2493 hunc
604 2426 776 2492 Jamblichi
797 2426 943 2491 libellum
965 2430 1068 2506 emisi,
1095 2431 1127 2493 in
1152 2450 1217 2514 quo

164 2543 261 2607 bomo
290 2545 417 2606 minime
445 2543 649 2619 christianus,
679 2542 744 2604 imo
772 2539 874 2603 hostis
902 2537 980 2602 fidei
1001 2550 1132 2604 nostrae
1156 2544 1218 2621 (ne

165 2657 236 2739 quis
259 2653 399 2718 studium
421 2657 560 2741 partium
588 2651 747 2717 invidiose
769 2655 929 2715 criminari
950 2656 1074 2736 possit)
1103 2655 1147 2717 ita
1177 2651 1219 2718 de

166 2766 237 2844 deo,
260 2766 393 2854 augelis,
416 2778 449 2831 et
471 2769 574 2830 anima
596 2763 717 2844 scribit,
740 2774 779 2828 ut
799 2763 973 2843 nonnullis,
1001 2769 1056 2850 qui
1080 2786 1115 2830 se
1138 2767 1221 2830 chri·

165 2882 287 2944 stianos
316 2878 379 2943 dici
402 2879 532 2956 volunt,
561 2876 601 2941 de
629 2877 727 2940 rebus
757 2875 874 2941 divinis
902 2881 1010 2943 sanius
1040 2889 1073 2942 et
1102 2881 1218 2943 castius

166 2991 325 3056 sentiendi
347 2996 462 3056 merito
485 2992 638 3077 magister
660 3011 730 3054 esse
753 2988 878 3055 debeat.

252 3104 422 3189 Exemplar
442 3125 607 3192 graecum,
637 3101 726 3187 quod
748 3123 834 3166 nuuc
855 3106 990 3187 primum
1015 3101 1087 3181 edo,
1111 3107 1219 3188 accepi

166 3215 206 3279 ab
230 3214 447 3279 eruditissimo
471 3217 543 3279 viro
557 3216 676 3280 Jsaaco
692 3216 824 3279 Vossio.
869 3213 950 3279 illud
976 3214 1030 3279 ubi
1053 3219 1219 3279 nonsatis

167 3327 334 3392 emendate
356 3330 508 3411 scripturn
530 3329 680 3413 comperi,
703 3329 869 3412 impetravi
891 3349 911 3390 a
933 3325 1116 3390 doctissimo
1140 3325 1222 3392 Car-

167 3442 268 3518 cavio‚
290 3452 329 3503 ut
349 3441 467 3527 corrigi
491 3448 524 3503 et
546 3439 709 3504 emendari
732 3442 834 3525 possit
848 3461 887 3505 ex
903 3439 1069 3504 codicibus
1085 3443 1220 3526 scriptis,

169 3553 222 3636 qui
250 3562 420 3615 servantur
448 3554 480 3614 in
511 3551 708 3617 bibliotheca
735 3555 820 3639 regis
851 3552 1108 3616 christianissimi.
1160 3552 1239 3628 Ed.

167 3662 353 3727 Bernardus
375 3662 541 3748 professor
562 3665 776 3729 astronomiae
799 3661 885 3747 apud
902 3663 1104 3729 Oxouienses
1127 3686 1220 3731 orna

168 3778 314 3854 tissimus,
336 3775 509 3860 multisque
523 3777 598 3840 mihi
614 3775 729 3839 officiis
744 3777 1031 3856 coniunctissimus,
1052 3782 1220 3865 negotium

168 3887 262 3953 MSS.
285 3886 555 3952 conferendorum
578 3891 664 3968 (uam
687 3889 719 3950 in
744 3886 860 3955 Galliis
882 3899 949 3953 tum
972 3894 1124 3978 temporis
1147 3912 1221 3979 age-

167 3999 236 4081 bat)
260 4009 293 4063 et
315 4001 455 4085 suscepit
477 3996 592 4077 libens,
613 4008 647 4062 et
669 3999 758 4083 quod
780 4003 850 4087 ipse
872 4000 1002 4068 domum
1015 4002 1144 4068 rediens
1166 4002 1221 4068 ab·

168 4112 296 4176 solvere
308 4133 374 4176 nou
386 4114 502 4198 potuit,
519 4114 641 4176 curavit
654 4114 730 4176 mihi
746 4113 978 4180 conficiendum
990 4136 1050 4200 per
1059 4116 1220 4180 Joanuem

169 4222 402 4303 Mabillonium,
425 4245 491 4309 quo
508 4244 571 4312 ego
587 4227 659 4290 viro
677 4225 757 4290 nihil
772 4227 938 4291 humanius
954 4247 1092 4312 unquam
1107 4226 1221 4294 videor

168 4333 371 4401 intellexisse.
