2776 4876
212 355 230 394 r.
465 337 514 395 Th.
535 338 611 397 Gelai
630 349 791 418 conspectus
810 341 894 396 totins
911 340 1011 418 operis.

212 503 303 558 nistra.
349 499 434 577 qualis
447 509 505 555 erat
523 505 694 570 δημιουργίας
712 501 780 555 ratio
792 498 855 554 talis
867 509 910 554 est
921 500 1055 566 vaticinii;
1073 495 1119 553 illa
1131 517 1181 576 per
1192 495 1267 552 ideas

212 595 278 652 haec
296 616 346 674 per
364 592 493 670 symbola.
541 592 574 648 de
593 595 627 648 iis
645 591 774 650 Heracliti
793 594 900 650 dictum.

285 693 324 745 ru.
361 688 404 744 De
428 687 601 744 divinationis
626 688 787 743 artificiosae
809 687 963 765 speciebus,
991 688 1134 765 extispicio
1158 688 1266 763 augurio

213 783 362 860 astrologia.
419 782 458 838 dii
485 791 596 838 utuntur
622 783 771 837 ministerio
797 780 935 837 hominnm
967 781 1124 839 daemonnm
1157 790 1266 837 naturae

212 881 302 935 totius.

285 977 325 1028 17.
361 971 404 1027 De
427 971 508 1026 modo
531 970 710 1026 divinationis.
759 991 814 1026 non
843 970 1010 1027 descendunt
1031 969 1070 1026 dii
1096 972 1124 1026 in
1146 970 1267 1024 vaticinii

213 1070 302 1144 signa,
325 1087 375 1122 nec
398 1065 565 1121 deducuntur
589 1067 661 1120 varie
684 1067 756 1120 iuxta
779 1067 870 1120 varios
894 1064 1065 1120 divinationis
1087 1062 1196 1130 modos,
1218 1083 1269 1140 per

212 1162 283 1239 ligna
302 1158 419 1217 calculos
438 1158 549 1214 brinam
566 1155 616 1215 et'c.
641 1170 670 1214 ut
694 1161 740 1235 qui
759 1161 846 1214 omnia
864 1161 893 1215 in
911 1179 941 1214 se
963 1157 1191 1236 comprehendant
1213 1160 1268 1235 ipsi

214 1252 508 1334 incomprehensibiles.

285 1353 325 1406 18.
362 1350 407 1405 Dc
425 1350 513 1404 causis
532 1349 659 1405 vaticinii.
705 1367 786 1425 opera
811 1347 900 1403 divina
922 1347 1097 1425 perficiuntur
1120 1357 1166 1402 aut
1183 1367 1198 1401 a
1217 1346 1268 1402 deo

213 1456 259 1502 aut
276 1445 310 1500 ah
327 1442 421 1520 angelo
440 1453 517 1498 anta
541 1441 682 1510 daemone,
706 1452 733 1498 et
756 1440 914 1520 perfectiora
938 1461 1045 1520 semper
1067 1462 1082 1496 a
1105 1440 1269 1519 perfectiori.

214 1540 248 1596 ad
266 1540 330 1594 haec
349 1557 402 1593 non
420 1539 447 1592 vi
466 1536 641 1604 adducuntur,
660 1536 710 1593 sed
727 1547 824 1615 sponte
842 1538 960 1592 veniunt.
1006 1536 1055 1593 sed
1072 1556 1122 1593 nec
1134 1535 1211 1594 locus
1223 1533 1270 1592 sli-

214 1636 274 1711 quis
292 1632 464 1711 passionibus
482 1634 572 1687 autin
591 1631 730 1687 sacerdote
748 1642 794 1687 aut
812 1633 841 1686 in
859 1630 910 1687 deo
929 1633 1059 1688 invocato.

287 1730 327 1784 19.
363 1725 461 1782 Vatem
478 1745 531 1781 non
551 1746 611 1782 esse
629 1747 735 1782 causam
753 1736 798 1782 ant
816 1725 932 1782 medium
954 1746 1004 1803 per
1022 1725 1096 1802 qnod
1113 1725 1270 1785 vaticinium

216 1821 380 1880 conciliatur.
425 1830 511 1875 totum
529 1829 571 1874 est
589 1840 661 1876 mere
680 1840 747 1898 opus
766 1820 893 1876 divinum.

286 1921 329 1973 20.
365 1915 461 1972 Anima
489 1913 600 1970 humana
627 1916 655 1969 vi
681 1913 837 1992 phantasiae
866 1917 924 1972 sive
946 1914 1077 1970 beneficio
1103 1911 1269 1989 quorundam

107 2057 112 2064 .
215 2010 393 2089 igniculornm
410 2009 550 2065 latentium
567 2027 622 2063 non
640 2018 732 2086 potest
749 2030 811 2065 esse
828 2029 907 2065 causa
926 1993 1107 2064 divinationis.

287 2109 331 2160 nl.
366 2103 449 2160 lliixta
470 2102 648 2179 hypostaseos
671 2105 776 2180 species
794 2105 892 2180 partim
910 2105 1046 2158 exanima
1063 2111 1155 2158 nostra
1173 2101 1271 2178 partim

217 2221 250 2257 ex
267 2200 357 2256 divina
374 2199 551 2274 inspiratione
570 2206 696 2252 constans
714 2217 769 2253 non
786 2207 878 2274 potest
895 2216 955 2253 esse
973 2217 1051 2253 causa
1070 2196 1252 2253 divinationis.

286 2299 329 2350 22.
365 2292 462 2349 Anima
480 2311 535 2346 non
553 2300 644 2368 potest
662 2312 711 2348 nec
729 2313 764 2348 ex
781 2294 910 2370 potentiis
928 2295 957 2347 in
974 2301 1045 2348 certa
1064 2292 1175 2346 materia
1185 2288 1270 2351 laten·

216 2389 287 2446 tibus
307 2408 355 2443 nec
374 2386 480 2442 aliunde
499 2386 640 2442 daemonas
659 2385 816 2464 producere,
836 2407 884 2464 per
902 2406 970 2462 qnos
988 2385 1074 2442 lutura
1092 2388 1168 2441 sciat.
1209 2383 1270 2440 dae·

215 2503 309 2539 mones
334 2484 453 2558 ingeniti,
472 2479 697 2558 incorruptibiles.
744 2483 845 2537 animae
863 2483 982 2538 actiones
1005 2500 1060 2535 non
1077 2490 1192 2558 possunt
1209 2478 1270 2534 snb·
1328 2483 1331 2490 '

216 2580 329 2634 stantiae
351 2576 426 2643 tieri3
453 2578 577 2631 materiae
599 2576 671 2630 vires
695 2585 721 2630 et
744 2577 881 2652 potentiae
903 2595 957 2630 non
985 2585 1099 2653 possunt
1121 2575 1269 2630 abstractae

216 2675 338 2730 existere.

287 2769 331 2822 23.
368 2765 410 2820 De
428 2765 539 2819 somniis
557 2773 585 2818 et
604 2762 767 2818 divinatione
783 2783 834 2840 per
853 2785 896 2820 ea:
915 2767 973 2820 eius
992 2785 1070 2821 causa
1089 2775 1163 2820 extra
1182 2784 1239 2819 nos.

287 2862 330 2914 24.
367 2857 457 2913 Animi
475 2859 566 2936 passio
585 2876 638 2912 non
656 2866 824 2934 potestesse
843 2878 922 2914 causa
942 2858 1121 2914 divinationis.

287 2957 331 3006 25.
368 2951 550 3007 Divinationis
569 2971 647 3007 causa
666 2971 721 3006 non
738 2962 829 3029 potest
847 2973 907 3008 esse
925 2951 1079 3030 phantasiae
1097 2954 1206 3009 morbus
1224 2950 1270 3007 ali·

218 3049 290 3124 quis3
309 3056 373 3124 puta
391 3043 565 3102 melancholia
584 3043 699 3101 ebrietas
714 3047 827 3101 insania.

286 3144 329 3197 26.
365 3139 546 3196 Divinationis
565 3159 644 3194 causa
661 3159 715 3194 non
733 3150 824 3216 potest
842 3140 1002 3197 carminibus
1021 3143 1130 3217 magicis
1148 3142 1238 3198 tribui.

284 3239 328 3292 27.
365 3234 464 3291 Natura
483 3253 526 3288 ars
545 3232 693 3309 sympathia
713 3253 863 3311 corporum,
883 3256 974 3292 omnes
994 3235 1072 3292 simul
1085 3247 1195 3303 sumtae,
1215 3256 1269 3292 non

216 3314 337 3408 possunt*
349 3349 410 3384 esse
428 3345 506 3383 causa
526 3326 705 3382 divinationis.

284 3427 328 3480 28.
365 3422 444 3478 Jdola
463 3431 491 3477 et
507 3422 607 3497 figurae
630 3419 730 3477 nullam
749 3432 848 3478 certam
872 3422 1043 3479 divinationis
1067 3443 1172 3480 cansam
1193 3443 1270 3501 prae-
1343 3497 1345 3501 ¹

218 3529 288 3573 stare
305 3526 425 3594 possunt.
471 3536 518 3570 eae
530 3533 582 3570 non
595 3525 736 3592 assurgunt
748 3515 817 3571 ultra
830 3528 939 3573 naturae
952 3520 1023 3574 vires
1036 3519 1151 3586 intimas,
1169 3518 1268 3574 nedum

217 3611 251 3667 ad
268 3610 372 3666 divinas
391 3610 518 3688 operandi
537 3612 655 3666 rationes
673 3613 835 3688 pertingunt.

287 3706 329 3759 29.
366 3703 409 3760 De
427 3703 559 3760 idolorum
577 3707 693 3761 vanitate
710 3716 738 3761 et
756 3708 935 3763 inconstantia
958 3728 991 3763 ex
1013 3708 1093 3763 modo
1116 3728 1170 3784 quo
1193 3709 1268 3765 liunt.

218 3799 326 3875 sapiens
344 3799 383 3853 eis
400 3818 454 3853 non
473 3809 572 3856 utetur:
598 3803 644 3877 qui
665 3821 716 3879 pro
736 3801 788 3857 diis
806 3799 944 3858 habeatis
962 3821 1053 3858 veram
1075 3801 1111 3858 de
1133 3802 1186 3859 diis
1204 3821 1270 3858 nnn-

218 3911 296 3968 qnam
313 3900 404 3968 potest
422 3895 528 3969 assequi
546 3896 731 3970 cognitionem.

287 3989 331 4042 3⁰.
368 3983 446 4040 Jdola
464 3985 533 4041 fiunt
549 3987 584 4043 ad
603 3988 736 4045 caelorum
755 4001 842 4046 motus
868 4000 895 4045 et
918 3999 1093 4066 conspectum
1114 3989 1182 4047 nihil
1206 4010 1269 4066 ergo

218 4083 246 4137 in
264 4100 294 4136 se
311 4080 378 4135 certi
395 4077 507 4146 habent3
533 4079 675 4139 daemones
693 4104 747 4140 non
765 4095 835 4140 sunt

287 4179 330 4230 31.
366 4172 518 4230 Daemones
537 4172 606 4242 mali,
627 4179 785 4234 mentientes
804 4179 935 4234 honorum
953 4181 1085 4256 speciem,
1108 4199 1188 4234 causa
1207 4199 1269 4235 esse
