2776 4876
179 346 233 400 288
283 379 285 382 ⁴
1166 341 1235 404 1⁰,3

180 525 261 579 σεως
276 496 497 590 ἐπιτηδειότης
512 505 557 575 είς
572 498 741 580 σημασίαν
755 497 816 561 τοῦ
831 501 988 580 ἐσομένου
1008 498 1236 582 παραγίνεται,

180 610 288 697 ῶσπερ
317 610 339 692 ἡ
362 621 432 687 τοῖς
454 606 548 690 ζώοις
569 613 635 676 τῶν
657 609 800 693 σεισμῶν
822 603 843 687 ἢ
865 609 931 672 τῶν
960 605 1090 690 ἀνέμων
1118 602 1140 688 ἢ
1168 610 1235 673 τῶν

175 717 344 808 χειμώνων
366 727 540 807 συμπίπτει
560 718 755 807 πρόγνωσις,
775 723 883 804 τίμιος
906 715 1110 784 εἶναιδοκεῖ.
1155 717 1230 808 κατ’
1253 736 1268 787 3

178 829 371 912 αίσθησεως
392 829 456 919 γὰρ
474 832 617 914 ὀξύτητα
630 828 653 912 ἢ
666 828 754 898 κατὰ
770 828 986 917 συμπάθειαν
1000 825 1022 910 ἢ
1039 828 1111 896 κατ’
1128 825 1234 912 ἄλλην

177 940 252 1012 τινὰ
281 948 428 1037 φυσικῶν
456 942 626 1031 δυνάμεων
654 948 843 1027 σνγκίνησιν
873 941 893 1021 ἡ
922 939 1058 1024 τοιαότη
1088 945 1234 1032 ἔμφυτος

179 1061 353 1123 συνέπεται
375 1061 529 1142 μαντεία,
560 1054 655 1122 οὐδὲν
682 1058 802 1141 ἐχουσα
832 1048 954 1152 σεμνόν
976 1056 1032 1119 καὶ
1054 1052 1233 1141 ὑπερφυές·
1253 1075 1269 1126 η

178 1161 253 1233 οὔτε
275 1167 305 1233 εέ
325 1193 373 1246 τις
395 1162 480 1235 κατὰ
502 1164 661 1252 λογισμόν
683 1162 900 1252 ἀνθρώπινον
922 1161 1108 1251 ἢτεχνικην
1122 1188 1234 1249 παρα·

176 1274 315 1366 τήρησιν
346 1274 413 1345 ἀπό
444 1281 587 1366 σημείων
614 1278 845 1361 τεκμηριοῦται
872 1281 995 1354 ἐκεῖνα,
1024 1257 1069 1342 cil
1097 1277 1168 1341 lori
1189 1270 1234 1339 τὰ

181 1400 301 1474 σημεῖα
325 1387 488 1472 δηλωτικώ
510 1388 573 1472 (ῶς
595 1383 662 1454 ἀπό
686 1391 846 1485 συστολῆς
871 1383 890 1468 ἢ
920 1391 1042 1477 φρίκης
1069 1381 1128 1452 τόν
1154 1389 1234 1470 μέλ-
1254 1403 1270 1454 9

177 1501 280 1567 λουτα
309 1496 449 1590 πυρετόν
484 1497 763 1589 προγινώσκουσιν
792 1504 824 1565 οἱ
853 1501 996 1585 λατροί),
1031 1497 1126 1565 οὐδὲν
1155 1495 1234 1564 οὐδὲ

177 1602 275 1690 οὗτός
294 1634 353 1698 μοι
375 1617 464 1680 δοκεῖ
484 1616 595 1699 τίμιον
623 1613 705 1697 ἐχειν
730 1612 786 1679 κοιλ
815 1606 963 1693 ἀγαθόν.
1007 1607 1235 1698 ἀνθρωπίνως

77 1763 89 1783 ι
177 1745 211 1788 τε
233 1719 297 1810 γὰρ
320 1723 489 1810 ἐπιβάλλει
516 1726 572 1788 καὶ
598 1722 821 1805 συλλογίζεται
849 1723 890 1812 τῇ
915 1719 1059 1806 ἡμετέρη
1087 1722 1234 1806 διανοίᾳ,
1254 1734 1287 1786 12

175 1836 251 1919 περί
272 1857 306 1899 τε
326 1837 394 1901 τῶν
417 1842 453 1902 ἐν
474 1839 512 1926 τῇ
536 1830 718 1926 φόσειὶτοῖς
732 1832 936 1917 γιγνομένοις
950 1831 1234 1920 ὁμολογουμένως,

176 1941 217 2011 οὐ
231 1941 343 2032 πόρρω
358 1947 418 2027 τῆς
433 1945 675 2032 σωματοειδοῦς
686 1941 808 2023 τάξεως
817 1954 960 2010 ποιεῖται
970 1941 1031 2025 τὴν
1043 1939 1233 2028 διάγνωσιν.

176 2051 258 2121 ὥστε
281 2054 351 2121 οὐδ’
371 2063 399 2123 εί
421 2052 543 2145 φυσική
566 2080 614 2132 τις
636 2058 817 2122 ἐνεστινέν
831 2052 912 2140 ἡμῖν
922 2051 1064 2138 ’ἐπιβολὴ
1079 2057 1140 2121 τοῦ
1153 2057 1233 2140 μέλ·
1252 2074 1284 2125 15

175 2168 301 2246 λοντος,
324 2164 432 2255 ὥσπερ
455 2171 510 2233 καὶ
533 2174 568 2233 ἐν
591 2177 660 2244 τοῖς
682 2160 796 2243 ἄλλοις
818 2162 945 2234 ἅπασιν
966 2165 987 2248 ἡ
1012 2162 1151 2250 δύναμις
1172 2162 1233 2245 ἥδε

175 2281 321 2367 ἐναργῶς
343 2280 522 2366 ἐνεργοῦσα
546 2279 765 2368 διαφαίνεται,
795 2274 891 2343 οὐδὲν
912 2275 988 2344 οὐδὲ
1010 2273 1094 2358 αὕτη
1123 2300 1233 2361 μακα-

175 2383 291 2477 ριστόν
312 2393 359 2474 τῷ
382 2383 453 2455 όντι
475 2395 642 2469 κέκτηται·
665 2391 698 2453 τί
718 2382 783 2476 γὰρ
806 2382 849 2455 ῶν
872 2387 920 2468 εέη
942 2383 1080 2471 γνήσιον
1100 2389 1158 2453 καὶ
1180 2392 1232 2457 τε·
1250 2402 1282 2454 18

170 2584 174 2592 =
246 2621 270 2672 1.
288 2633 344 2670 ante
362 2623 399 2679 εἰς
417 2623 439 2671 Α
458 2620 514 2671 add.
533 2617 578 2686 τῷ.
660 2621 685 2672 3.
701 2615 828 2688 χειμόνοιν
846 2620 879 2671 0,
893 2613 906 2688 ΙΙ
918 2622 1000 2689 τίμιος
1018 2618 1051 2672 l).
1098 2621 1154 2687 ἡ6.
1177 2641 1231 2688 μοι-

244 2708 305 2758 τεία
322 2705 356 2757 D.
430 2708 471 2758 11.
491 2702 602 2773 ἀγαθῶν
618 2707 650 2758 D.
724 2706 766 2757 12.
785 2704 917 2776 γὰρῙγιὶρ
930 2707 976 2758 καὶ
993 2706 1027 2756 D.
1101 2707 1143 2777 ld.
1164 2704 1231 2774 ὁμο-

244 2792 411 2858 λογουμέιοις
429 2790 463 2842 Ι).
580 2792 621 2857 17.
649 2789 799 2862 ἐναργοῦσα
817 2791 850 2844 0.
871 2786 884 2867 ll
904 2786 981 2849 ὀἰιδέν
1000 2785 1077 2858 οὐδὲ]
1096 2791 1132 2843 εἰσ
1150 2791 1230 2852 Act),

246 2871 322 2928 οὗόέν
341 2878 368 2927 δέ
387 2875 421 2926 0.

173 3087 330 3146 naturaliter
356 3090 422 3144 insit
448 3088 482 3144 ad
508 3087 589 3146 lutari
615 3092 794 3168 praesagium,
821 3090 1044 3167 quemadmodum
1070 3088 1230 3146 animalibus

172 3186 259 3233 terrae
282 3184 402 3231 motuum
426 3185 566 3231 ventorum
588 3186 615 3232 et
636 3184 824 3252 tempestatum
846 3177 918 3232 inest
939 3178 1136 3253 praecognitio,
1164 3176 1229 3233 mihi

173 3261 282 3338 quidem
304 3260 372 3317 nihil
399 3260 553 3318 venerabile
579 3262 685 3319 videtur
711 3261 817 3317 habere.
870 3281 932 3318 nam
959 3263 1106 3320 seeundum
1133 3283 1228 3321 sensus

172 3366 283 3404 acumen
306 3345 349 3402 vel
373 3351 585 3429 compassionem
608 3348 653 3406 vel
680 3347 761 3404 alium
788 3347 921 3423 quendam
943 3369 1106 3406 consensum
1131 3353 1228 3407 virium

171 3432 331 3490 naturalium
349 3435 482 3491 eiusmodi
499 3438 666 3512 praesagium
684 3433 803 3490 namrale
822 3437 956 3510 seqnitur,
979 3434 1047 3490 nihil
1064 3435 1167 3492 habens
1184 3455 1228 3492 ve·

171 3519 289 3576 nerabile
306 3540 394 3596 neque
411 3521 625 3599 supernaturale3
645 3541 733 3597 neque
751 3523 776 3576 si
794 3523 854 3596 quis
874 3540 907 3578 ex
924 3524 1036 3578 rationis
1048 3521 1174 3578 discursu
1184 3519 1227 3576 vel

171 3605 326 3663 artificiosis
339 3607 572 3664 observationibus
586 3610 724 3684 signorum
736 3628 766 3663 ea
774 3608 912 3666 coniectet
924 3628 993 3684 quae
1004 3628 1055 3686 per
1067 3609 1143 3684 signa
1154 3626 1228 3683 prae·

170 3700 353 3747 monstrantur
370 3695 607 3770 (quemadmodum
624 3694 722 3751 medici
740 3693 842 3750 febrem
858 3694 1016 3772 praevidere
1034 3693 1124 3751 solent
1140 3713 1174 3749 ex
1185 3702 1228 3768 sy·

171 3775 243 3832 stole
261 3777 355 3853 pulsus
370 3784 403 3835 'et
420 3782 531 3857 rigore),
550 3782 657 3838 videtur
674 3780 741 3836 mihi
758 3780 910 3837 istiusmodi
928 3783 1106 3859 praescientia
1118 3778 1226 3858 plurimi

171 3861 305 3928 facienda3
330 3885 391 3920 nam
408 3865 524 3923 hnmano
542 3868 623 3924 modo
642 3869 776 3923 coniectat
793 3876 821 3922 et
838 3887 872 3924 ex
892 3871 996 3924 ratione
1013 3878 1106 3924 nostra
1124 3875 1227 3922 mutum

170 3947 317 4016 concludit,
335 3948 422 4024 deque
440 3953 519 4009 rebus
531 3953 707 4021 naturalibus,
726 3951 882 4029 quae'iactis
895 3963 1053 4030 congruunt,
1071 3973 1127 4008 non
1139 3961 1226 4008 autem

170 4047 244 4093 extra
263 4033 385 4092 ordinem
403 4055 491 4092 rerum
507 4040 667 4096 naturalium
685 4041 768 4095 crisin
786 4038 857 4096 lacit.
903 4061 985 4115 quare
1003 4041 1027 4096 si
1045 4042 1082 4096 sit
1099 4041 1130 4095 in
1148 4038 1225 4095 uobis

170 4125 212 4178 vis
231 4122 362 4199 quaedam
379 4121 506 4178 naturalis
525 4125 702 4197 coniectandi,
720 4125 808 4203 qualis
826 4135 869 4182 est
886 4125 932 4182 illa
950 4129 979 4182 in
990 4128 1089 4183 ceteris
1102 4123 1226 4181 omnibus

171 4208 310 4267 manifesto
329 4229 359 4266 se
376 4207 503 4286 prodens,
527 4208 595 4265 nihil
613 4228 705 4268 revera
722 4211 803 4270 habet
820 4211 866 4270 illa
888 4215 1075 4291 praecipuum
1099 4210 1226 4290 quidnam
