2776 4876
209 347 282 414 6,24
1213 347 1267 402 235

210 498 252 569 τά
275 500 333 567 ἀπ’
352 501 461 569 αὐτῶν
483 498 670 587 γεννώμενοι
692 499 930 589 προσάγεσθαι
951 508 996 579 ete
1026 503 1155 570 θυσίαν
1176 506 1267 573 ἐστὶν

210 610 404 694 οἰκειότατα,
435 617 583 691 καὶτοῖς
606 616 767 681 διοικοῦσι
788 609 830 680 τά
853 617 919 680 τῶν
942 615 1189 699 διοικουμένων·
1213 614 1266 684 oiri

176 729 270 811 apio
292 721 357 813 γάρ
380 719 452 803 τοῖς
478 729 612 792 ποιοῦσι
633 720 676 791 τά
697 728 823 791 ἑαυτῶν
845 728 925 812 ἔργα
947 722 1171 816 διαφερόντως
1196 729 1266 794 ἐστὶ

207 841 439 923 κεχαρισμένα,
466 846 537 913 τοῖς
559 839 593 903 δὲ
615 832 750 924 πρώτως
771 828 848 901 τινά
869 832 1077 922 προσάγουσι
1098 838 1157 901 καὶ
1178 833 1267 925 πρά-

210 972 273 1024 τως
295 951 364 1014 ἐστὶ
387 942 429 1013 τό
457 951 596 1014 τοιαῦτα
618 950 802 1039 προσφιλῆ·
833 945 896 1012 ελτι
926 938 986 1012 οὖν
1008 943 1075 1025 ζῶά
1100 970 1176 1011 τινα
1205 946 1267 1012 εἴτε

175 1055 301 1149 θφυτόι
338 1057 399 1124 εἴτε
429 1055 516 1125 άλλα
546 1061 611 1123 τῶν
641 1060 696 1123 ἐπὶ
723 1061 785 1143 γῆς
819 1058 1074 1144 διακυβερνάται
1106 1053 1174 1123 άπὸ
1201 1061 1267 1124 τῶν

209 1164 415 1256 κρειττόνων,
447 1167 533 1252 ὁμοῦ
555 1170 613 1248 τῆς
646 1172 838 1246 ἐπιστασίας
866 1167 975 1234 αύτῶν
1002 1170 1184 1254 μετείληχε,
1211 1170 1269 1236 καὶ

210 1275 271 1360 τὴν
304 1284 478 1347 κοινωνίαν
512 1279 592 1364 ἡμῖν
624 1280 773 1368 προξενεῖ
805 1275 888 1368 πρός
916 1275 1037 1356 αὐτούς
1069 1278 1267 1365 ἀδιαίρετον.

174 1407 191 1458 θ
213 1393 285 1456 ἔνια
307 1394 367 1477 μὲν
391 1383 451 1458 οὖν
474 1393 539 1457 τῶν
553 1387 712 1458 τοιούτων
726 1389 896 1476 σωζόμενα
911 1385 996 1456 αύτά
1010 1391 1067 1456 καὶ
1081 1387 1268 1476 τηρούμενα

212 1505 280 1567 τῶν
303 1498 507 1588 συνεχόντων
530 1500 683 1584 συναύξει
705 1497 766 1583 τὴν
787 1495 871 1590 πρός
891 1494 998 1578 θεούς
1012 1505 1180 1580 ολκείωσιν,
1202 1497 1269 1568 ὅσοι

209 1614 257 1694 τῷ
278 1618 387 1696 μένειν
409 1610 548 1699 ἀκέραια
571 1609 632 1695 τὴν
655 1610 795 1698 δύναμιν
816 1617 876 1693 τῆς
897 1615 1072 1688 κοινωνίας
1093 1615 1185 1678 θεῶν
1210 1616 1268 1680 καὶ

158 1744 191 1795 12
210 1719 403 1809 ἀνθρώπων
426 1721 585 1802 διασώζει.
630 1728 769 1789 τοιαῦτα
792 1722 823 1788 δ’
842 1726 932 1790 ἐστὶν
959 1725 1029 1787 ἔνια
1057 1726 1123 1788 τῶν
1144 1729 1181 1789 ἐν
1202 1726 1267 1790 At·

209 1830 321 1918 γύπτῳ
336 1830 433 1913 ζώων,
448 1837 504 1900 καὶ
521 1829 591 1911 οἶος
607 1832 625 1899 ὁ
642 1828 729 1921 ἱερός
744 1829 928 1924 άνδρωιτος
939 1837 1111 1919 πανταχοῦ
1119 1831 1266 1922 ὑπάρχει

210 1948 280 2010 ἔνια
303 1946 338 2011 δὲ
352 1944 627 2031 καθαγιαζόμενα
643 1947 877 2032 λαμπροτέραν
892 1940 1056 2024 ποιεῖτὴν
1071 1942 1267 2026 οἰκειότητα,
1303 1928 1305 1932 ,

157 2072 192 2122 15
211 2053 275 2123 ὅσα
298 2050 360 2137 τὴν
384 2053 545 2123 ἀνάλυσιν
567 2059 620 2123 ἐπὶ
642 2050 703 2137 τὴν
725 2058 791 2121 τῶν
813 2051 950 2144 πρώτων
974 2059 1142 2142 στοιχείων
1160 2051 1267 2143 ἀρχόν

210 2171 350 2253 συγγενῆ
371 2179 514 2234 ποιεῖται
543 2177 612 2245 τοῖς
634 2169 700 2234 τῶν
728 2162 923 2251 κρειττόνων
952 2167 1071 2241 αὶτλοις
1098 2169 1155 2233 καὶ
1180 2172 1268 2256 tepo-

210 2284 446 2368 πρεπεστέραν·
470 2281 694 2364 τελειουμλνης
715 2271 779 2361 γάρ
804 2275 857 2343 ἀεὶ
871 2276 993 2355 ταύτης
1009 2273 1194 2365 τελειότερα
1210 2281 1267 2345 καὶ

157 2402 192 2454 18
209 2385 251 2455 τά
274 2388 331 2456 ἀπ’
353 2390 456 2471 αὐτῆς
478 2386 673 2474 ἐνδιδόμενα
693 2382 816 2472 ἀγαθοὶ
838 2383 990 2453 καθάκει.

282 2622 304 2672 1.
332 2624 401 2674 ἐστὶν
420 2642 471 2674 om.
491 2620 546 2674 AC.
619 2621 659 2673 10.
689 2617 795 2679 συνάξει
814 2620 847 2671 D.
920 2621 962 2673 13.
991 2612 1065 2684 οἷος]
1085 2612 1125 2679 οἷς
1143 2588 1177 2672 i).

210 2828 361 2885 rectoribus
386 2829 548 2886 sacrificium
566 2850 600 2887 ex
616 2830 714 2888 iisdem
731 2832 812 2888 rebus
836 2850 904 2907 quae
926 2829 1026 2886 ibidem
1043 2838 1188 2885 naseuntur
1209 2825 1268 2884 fore

210 2914 353 2971 admodum
366 2925 581 2985 consentaneum,
600 2927 628 2972 et
639 2918 848 2994 gubernantibus
860 2938 890 2973 ea
904 2937 971 2993 quae
984 2937 1018 2972 ex
1030 2916 1183 2992 gubernatis
1196 2924 1267 2970 sunt.

211 3020 317 3078 semper
336 3005 406 3058 enim
424 3002 516 3080 opifici
534 3022 612 3059 suum
630 3023 699 3081 opus
711 3006 882 3081 potissimum
893 3015 995 3080 gratum
1008 3012 1057 3070 est,
1077 3003 1164 3076 etqui
1179 2999 1267 3076 aliqua

211 3088 298 3164 primo
317 3097 469 3164 procreant,
493 3087 557 3144 talia
575 3108 668 3145 rursus
686 3089 786 3146 liabent
808 3091 930 3167 inprimis
950 3096 1065 3164 accepta.
1110 3088 1169 3141 aive
1186 3087 1268 3161 igitur

211 3172 332 3229 animalia
351 3176 406 3229 sint
424 3176 482 3231 sire
499 3173 605 3251 plantae
623 3176 682 3232 sire
700 3174 750 3231 alia
770 3174 905 3250 quaelibet
924 3184 1028 3230 terrena
1055 3190 1122 3247 quac
1145 3170 1196 3226 sub
1214 3190 1267 3227 me-

211 3257 309 3314 liorum
327 3259 517 3336 gubernatione
534 3263 623 3338 posita
642 3269 713 3328 sunt,
732 3270 762 3315 ut
774 3263 833 3337 ipsa
845 3280 937 3316 eorum
948 3259 1109 3335 participant
1120 3254 1267 3333 praefectu-

212 3364 277 3412 ram,
288 3347 325 3400 ita
338 3348 416 3403 nobis
429 3349 642 3403 communionem
654 3365 716 3401 oum
725 3348 831 3422 superis
840 3345 985 3403 conciliant
992 3342 1165 3399 individuam.
1201 3362 1267 3397 non·

211 3430 283 3487 nulla
302 3452 364 3508 ergo
384 3454 417 3489 ex
435 3434 487 3501 his,
506 3443 638 3509 quatenus
657 3441 847 3488 conservantur
865 3441 944 3507 atque
956 3428 1151 3494 custodiuntur,
1171 3436 1267 3501 augent

211 3520 359 3573 tenentium
378 3518 412 3574 ad
431 3519 497 3575 deos
515 3517 672 3574 familiarem
690 3517 968 3583 accommodationem,
987 3524 1160 3592 quotcunque
1172 3530 1268 3590 nempe

211 3625 246 3660 ex
264 3622 296 3658 eo
317 3603 389 3678 quod
411 3614 603 3662 conserventur
624 3606 739 3681 integra,
762 3606 817 3661 rim
840 3604 1033 3660 communionis
1056 3603 1127 3656 inter
1151 3598 1217 3655 deos
1239 3609 1267 3656 et

211 3689 334 3745 homines
353 3698 519 3747 conservant.
567 3690 630 3746 talia
649 3701 713 3748 sunt
731 3710 860 3767 quaenam
878 3689 949 3766 apud
966 3687 1116 3763 Aegyptios
1134 3684 1267 3754 animalia,

212 3783 244 3830 et
257 3774 356 3850 ubique
374 3794 451 3830 saoer
467 3773 555 3831 homo.
604 3777 735 3853 quaedam
751 3794 817 3833 vero
835 3783 947 3830 mactata
965 3783 993 3828 et
1004 3773 1142 3829 combusta
1159 3771 1268 3829 familia·

212 3863 317 3916 ritatem
336 3859 456 3917 efficiunt
473 3860 622 3930 clariorem,
642 3881 815 3940 quaecunque
832 3859 958 3916 videlicet
969 3858 1161 3916 resolutionem
1173 3862 1202 3915 in
1212 3861 1267 3937 pri·

212 3967 316 4003 morum
334 3946 526 4004 clementorum
547 3950 710 4028 principium
733 3949 918 4022 cognationem
941 3944 1060 4002 efficiunt
1083 3949 1172 4002 causis
1190 3965 1267 4022 supe·

213 4034 330 4091 rioribus
355 4044 435 4110 atque
458 4036 521 4090 ritui
544 4053 682 4092 sacrorum
704 4033 954 4089 convenientiorem.
1002 4033 1102 4108 ubique
1125 4033 1195 4087 enim
1214 4047 1266 4104 quo

213 4123 296 4197 magis
314 4123 466 4198 proprietas
491 4118 710 4196 familiaritasque
731 4118 882 4198 perficitur,
905 4139 938 4175 co
960 4117 1119 4197 perfectiora
1141 4117 1210 4173 bona
1233 4113 1267 4169 ad

213 4227 263 4264 nos
282 4207 344 4263 inde
363 4206 536 4264 descendunt.
