2776 4876
196 369 248 424 186
1197 364 1250 426 1,1

195 520 319 591 τούτων
348 521 390 599 ὡς
417 525 563 607 γηγενῶν
591 516 750 608 καθάπερ
778 522 847 587 ἐστὶ
876 521 1005 586 δίκαιον
1037 516 1250 606 ύπερίόωμεν,

198 632 236 701 τὸ
259 637 293 700 δέ
315 629 426 700 κοινὸν
448 635 504 699 καί
527 631 655 699 ἁπλοῦν
684 630 727 709 ὡς
755 627 946 716 τιμιώτερον
975 629 1150 715 ἀποδῶμεν
1178 639 1251 704 τοῖς

116 823 124 844 J
195 746 384 835 ὑπερέχουσι
415 745 481 810 τῶν
515 745 666 810 ἐνταῦθα
696 745 881 822 ποικιλίας,
906 738 1067 834 ἀνῄρηται
1096 736 1200 816 εὐθὺς
1228 738 1287 820 rit

194 853 307 945 πρύτη
335 857 401 922 τῶν
424 851 618 940 ζητημάτων
646 851 771 921 τούτων
794 851 969 931 ὑπόθεσις,
999 848 1082 919 ὥστε
1111 850 1252 937 οὐδεμία

153 994 155 1000 ’
195 971 268 1054 περὶ
291 964 399 1032 αὐτῶν
421 959 555 1049 εὔλογος
576 963 788 1030 ἀπολείπεται
810 960 1067 1054 ἀμφισβήτησις.

158 1088 177 1144 4
289 1080 330 1142 Τί
353 1067 412 1143 οὖν
435 1070 475 1155 δὴ
498 1078 640 1161 λέγωμεν
662 1078 736 1161 περὶ
758 1077 817 1155 τῆς
844 1071 927 1159 μετά
950 1070 1074 1155 ταύτην
1103 1070 1289 1155 έπεζητή-ίὶ

195 1211 289 1267 σεως,
321 1191 353 1253 τί
382 1189 512 1254 δίκαιον
534 1183 655 1268 δήποτε
683 1189 743 1271 μέν
772 1183 902 1265 ἀξιοῦσι
928 1184 987 1253 τὸν
1014 1182 1252 1274 θεραπεύοντα

196 1298 335 1369 εἶναιοὶ
357 1297 562 1385 καλούμενοι,
585 1296 681 1365 αὐτοὶ
703 1298 737 1363 δὲ
759 1290 802 1362 τά
825 1291 924 1363 άὸικα
945 1293 1151 1381 κελευόμενοι
1165 1298 1252 1383 δρᾶν

194 1412 412 1497 ,ὑπομένουσις
441 1406 525 1497 πρὸς
547 1404 588 1490 δὴ
610 1405 715 1494 τούτῳ
736 1412 796 1495 έχω
818 1411 892 1498 περὶ
920 1412 981 1476 τοῦ
1003 1411 1252 1496 δικαιοπραγεῖν
1272 1424 1288 1474 ε

195 1523 490 1615 διαμφισβητῆσαι,
520 1519 563 1598 ὡς
586 1520 644 1606 οὐχ
667 1520 685 1586 ὁ
709 1514 810 1598 αὐτὸς
832 1517 910 1606 ὅρος
931 1518 1012 1604 ἡμῖν
1034 1543 1069 1585 τε
1092 1523 1253 1608 φαίνεται

193 1638 268 1722 περὶ
292 1634 395 1700 αὑτοῦ
416 1636 471 1699 καὶ
494 1641 564 1709 τοῖς
586 1634 691 1710 θεοῖς.
737 1630 809 1698 ἀλλ’
830 1631 923 1719 ἡμεῖς
950 1633 1010 1714 μὲν
1038 1627 1096 1698 ἅτε
1125 1627 1166 1710 δὴ
1196 1632 1251 1696 ἐπὶ

194 1740 232 1811 τὸ
254 1740 464 1832 βραχύτατον
487 1741 731 1826 ἀποβλέποντες
752 1742 795 1809 τά
816 1740 969 1833 παρόντα
983 1740 1164 1830 πράγματα
1180 1748 1251 1807 ἐπι-
1273 1753 1306 1803 12

195 1858 381 1938 σκοποῦμεν
402 1857 458 1920 καὶ
480 1847 540 1919 τὸν
563 1859 598 1919 έν
619 1858 698 1948 ποσὶ
720 1856 810 1939 βίον,
840 1859 890 1932 τίς
918 1858 952 1920 τέ
980 1860 1049 1920 ἐστι
1076 1857 1133 1920 καὶ
1161 1848 1253 1928 ὅπως

193 1970 333 2051 γίνεται·
365 1971 397 2032 οἱ
419 1971 533 2050 μέντοι
554 1968 735 2053 κρείττονες
760 1964 854 2051 ἡμῶν
876 1964 958 2047 ὅλην
986 1962 1048 2046 τὴν
1076 1961 1162 2045 ζωὴν
1191 1966 1253 2044 τῆς
1287 2039 1307 2078 0

193 2081 306 2168 ψυχῆς
327 2080 384 2143 καὶ
407 2072 484 2153 τούς
504 2082 683 2163 προτέρους
703 2075 806 2158 αὐτῆς
827 2080 923 2160 βίους
943 2073 1073 2153 πάντας
1095 2079 1252 2142 ἐπίσταν-
1271 2088 1304 2138 15

193 2214 256 2269 ται,
285 2192 340 2255 καὶ
364 2187 393 2254 εί
414 2211 487 2253 τινα
510 2182 551 2267 δὴ
573 2190 734 2273 τιμωρίαν
756 2184 935 2270 ἐπάγουσιν
957 2194 991 2253 έκ
1013 2185 1251 2275 παρακλήσεως

195 2304 260 2367 τῶν
284 2296 480 2378 καλούντων,
508 2296 567 2365 οὐκ
589 2297 648 2378 έξω
678 2300 738 2377 τῆς
759 2300 852 2378 δίκης
879 2294 1002 2380 ταύτην
1031 2303 1252 2389 ἐπιφέρουσιν,

192 2408 280 2479 ἀλλά
302 2409 536 2499 στοχαζόμενοι
558 2411 623 2477 τῶν
646 2415 680 2475 έν
702 2397 874 2497 προτέροις
894 2411 983 2493 βίοις
999 2405 1251 2498 ἁμαρτημάτων
1270 2418 1303 2468 18

265 2646 288 2696 1.
312 2641 431 2709 τούτων]
451 2640 536 2702 οὕτως
553 2643 585 2695 Ο.
664 2643 689 2693 2.
717 2639 864 2711 τιμιώτατα
884 2644 913 2692 Α.
987 2644 1011 2694 6.
1040 2638 1175 2710 δή]ι1ἦτι
1193 2641 1249 2692 AC.

275 2723 287 2796 ΙΙ
308 2731 413 2797 λέγομεν
440 2727 521 2778 BCD.
549 2747 551 2750 ·
664 2729 706 2779 11.
732 2725 794 2794 μὲν]
813 2726 848 2777 sic
867 2727 937 2779 ABG
956 2742 980 2780 et
998 2728 1061 2780 Gale
1079 2741 1141 2791 not„
1168 2727 1249 2780 (110.

266 2815 308 2865 11.
336 2818 498 2883 κρείττοντες
517 2813 548 2863 0.
625 2815 718 2865 id.15.
747 2814 835 2881 ψυχὴν
853 2815 900 2880 τῆς
919 2815 981 2882 ζώης
1001 2815 1035 2867 0.
1109 2816 1149 2866 15.
1180 2813 1250 2864 πάν-

267 2919 309 2958 τες
329 2898 411 2948 Act).

196 3107 261 3186 quid
280 3117 368 3164 autem
387 3108 603 3173 communitatem
626 3117 654 3163 et
675 3106 876 3186 simplicitatem
899 3110 984 3186 spirat
1007 3119 1037 3165 ut
1058 3110 1153 3166 merito
1176 3127 1253 3187 prac-

195 3198 308 3253 stantius
326 3197 473 3253 tribuamus
491 3195 540 3262 eis,
559 3214 626 3269 quae
644 3191 723 3270 louge
740 3193 908 3251 transvolant
925 3205 1090 3252 terrenarum
1101 3215 1191 3252 rerum
1206 3215 1252 3251 va·

196 3285 330 3350 rietatem,
354 3283 445 3338 statim
463 3278 573 3336 tolletur
591 3281 677 3358 prima
695 3280 789 3336 harum
807 3283 992 3356 quaestionum
1015 3285 1136 3350 materia,
1161 3284 1198 3338 ita
1222 3291 1254 3338 ut

195 3368 268 3426 nulla
286 3368 451 3445 relinquatur
469 3366 502 3423 de
520 3367 563 3422 his
581 3364 712 3423 dubitatio
731 3368 801 3423 iusta
820 3377 847 3423 et
863 3367 1019 3446 probabilis.

158 3459 178 3515 4
265 3456 339 3531 Quid
357 3465 443 3512 autem
461 3453 580 3510 dicemus
599 3443 633 3509 de
649 3456 772 3530 proxima
790 3463 835 3510 tua
847 3457 1012 3531 quaestione,
1031 3475 1079 3512 cur
1090 3458 1176 3512 iustos
1188 3474 1253 3512 esse

196 3561 260 3598 snos
279 3541 396 3599 cultores
415 3550 527 3598 censent
546 3549 671 3619 oportere
690 3538 736 3607 dii,
761 3541 815 3617 ipsi
833 3542 941 3596 interim
958 3543 983 3597 si
1000 3542 1100 3598 iniuste
1118 3562 1194 3619 agere
1212 3543 1252 3598 in·

193 3629 306 3684 beantur
322 3647 376 3684 non
394 3628 552 3705 diffugiunt?
579 3626 613 3683 ad
634 3626 688 3682 hoc
704 3628 786 3702 igitur
803 3629 851 3683 sic.
896 3629 993 3684 merito
1019 3627 1112 3686 dubito
1131 3628 1196 3705 quid
1215 3629 1253 3684 sit

195 3711 266 3770 illud
283 3713 354 3788 qnod
371 3724 400 3771 tu
418 3735 499 3772 vocas
519 3717 590 3770 iuste
607 3732 693 3790 agere,
712 3722 740 3768 et
757 3722 823 3790 puto
843 3713 921 3770 aliam
938 3714 1010 3792 apud
1028 3714 1094 3772 deos
1112 3718 1177 3773 iusti
1190 3735 1253 3772 esse

196 3799 389 3868 definitionem,
408 3800 487 3857 aliam
505 3799 576 3879 apud
593 3821 651 3857 nos,
696 3818 747 3855 nos
765 3801 836 3855 enim
854 3811 884 3856 ut
896 3804 942 3878 qui
954 3822 1049 3879 parum
1060 3803 1252 3880 prospicimus,

195 3906 240 3945 res
258 3893 360 3941 tantum
377 3898 532 3963 praesentes
556 3885 777 3965 contemplamur,
802 3895 828 3942 et
850 3887 1007 3945 hodiernam
1029 3891 1112 3945 vitam
1135 3908 1202 3964 quae
1225 3897 1253 3944 et

196 3970 283 4051 qualis
302 3972 338 4026 sit
357 3971 567 4047 consideramus:
588 3972 625 4030 dii
644 3993 708 4032 vero
721 3972 799 4029 nobis
812 3976 1022 4052 praestantiores
1034 3978 1186 4032 nniversam
1197 3976 1253 4030 ani-

196 4081 254 4117 mae
272 4059 354 4114 vitam
371 4066 400 4121 ,et
417 4059 523 4134 priores
541 4069 627 4116 status
646 4071 815 4129 contuentur,
831 4070 911 4137 atque
930 4059 996 4117 adeo
1010 4064 1034 4117 si
1047 4082 1126 4138 quam
1137 4080 1253 4138 poenam

198 4166 231 4203 ex
249 4146 419 4203 invocatione
438 4143 559 4212 inserant,
578 4164 632 4201 non
650 4157 738 4203 tamen
757 4150 855 4205 iniuste
873 4168 931 4204 eam
949 4147 1074 4216 inserunt,
1093 4146 1143 4204 sed
1153 4146 1253 4203 habent

197 4232 327 4291 rationem
344 4241 515 4310 peccatorum
533 4250 601 4307 quae
619 4233 647 4288 in
664 4235 719 4290 rita
736 4235 821 4310 priori
839 4234 948 4292 admisit
966 4237 1052 4292 anima
1070 4237 1123 4291 iam
1143 4231 1254 4291 tandem
