2776 4876
221 336 275 394 286
1203 335 1279 400 b,25

165 512 204 570 25
309 493 354 559 Et
375 492 435 575 μὲν
465 480 524 555 οὖν
553 486 753 576 ἀνθρώπινα
779 491 846 570 ἔθη
875 491 981 555 ταῦτα
1003 479 1047 567 ἦν
1074 485 1195 574 μόνον,
1221 495 1283 562 καὶ

222 599 278 674 διά
300 605 365 667 τῶν
387 599 552 687 ἡμετέρων
574 604 724 687 νομίμων
748 602 952 686 ἐπεκυροῦτο,
982 596 1064 684 εἶχεν
1087 593 1130 666 άν
1151 624 1203 678 τις
1224 603 1280 668 λέ-

221 735 305 798 γειν,
336 708 502 796 ἡμετέρων
531 714 682 777 ἐπινοιῶν
711 710 851 799 εὑρέσεις
885 707 969 778 εἶναι
996 705 1057 788 τοὶς
1082 713 1151 779 Ιτῶν
1184 713 1315 780 usuca

221 822 403 908 ἁγιστείας·
431 827 491 889 νῦν
520 825 555 890 δὲ
577 820 667 900 ’θεός
690 830 778 890 ἐστιν
801 820 910 888 αὐτῶν
937 815 1069 906 ἡγεμών
1091 819 1110 887 ὁ
1134 824 1189 888 ἐπὶ
1210 825 1282 890 θυ-

223 937 302 1002 σιῶν
325 929 428 1011 οὕτως
449 930 712 1018 ἐπικαλούμενος,
735 935 792 1000 καὶ
813 934 892 999 θεοί
908 936 964 999 καὶ
979 926 1112 1017 άγγελοι
1127 935 1202 1020 περὶ
1218 931 1281 999 αὐ-

221 1040 281 1113 τὸν
302 1047 519 1129 παμπληθεῖς
538 1042 737 1132 ὑπάρχουσι·
766 1041 848 1109 καθ’
869 1041 1008 1113 ἕκαστόν
1028 1066 1063 1108 τε
1086 1046 1191 1120 ἔθνος
1213 1048 1281 1109 τῶν
1299 1068 1315 1118 6

222 1159 275 1228 επὶ
297 1160 357 1240 γῆς
379 1152 636 1241 διακεκλήρωταί
664 1181 713 1232 τις
739 1154 793 1221 ὑπ’
813 1153 917 1222 αὐτοῦ
940 1148 1050 1231 κοινὸς
1077 1151 1278 1240 προστάτης,

223 1270 281 1336 καὶ
302 1264 385 1335 καθ’
405 1273 544 1333 ἕκαστον
565 1261 655 1354 ἱερὸν
680 1265 699 1333 ὁ
722 1265 819 1342 ίὸιος·
842 1268 899 1331 καὶ
920 1270 986 1331 τῶν
1000 1267 1059 1350 μὲν
1073 1259 1158 1353 πρὸς
1172 1262 1280 1342 θεοὺς

222 1381 354 1446 θυσιῶν
375 1374 497 1468 ἔφορός
519 1382 587 1446 ἐστι
610 1373 700 1455 θεός,
723 1380 788 1442 τῶν
811 1378 845 1444 δὲ
860 1372 944 1464 πρὸς
959 1375 1115 1461 ἀγγέλους
1129 1370 1316 1462 άγγελος,9

222 1491 287 1555 τῶν
310 1491 344 1556 δὲ
365 1483 449 1575 πρὸς
472 1490 635 1574 δαίμονας
657 1490 794 1574 δαίμων,
816 1491 872 1554 καὶ
893 1488 1028 1554 ἐπὶτῶν
1043 1481 1152 1554 ἄλλων
1167 1485 1280 1554 ῶσατί-

222 1624 285 1677 τως
307 1596 325 1666 ὃ
348 1594 433 1667 κατά
457 1595 495 1666 τὸ
518 1605 638 1666 οἰκεῖον
652 1603 745 1683 γένος
761 1601 922 1683 συγγενῶς
938 1594 1201 1684 συγκεκλήρωται
1219 1596 1273 1688 ἐφ’

222 1707 378 1776 ἑκάστων.
416 1708 516 1778 ὁπότε
539 1705 579 1789 δὴ
604 1700 663 1775 οὖν
685 1707 770 1794 μετά
790 1712 883 1775 θεῶν
905 1706 1036 1799 ἐφόρων
1050 1712 1107 1774 καὶ
1122 1707 1280 1789 άποπλη-
1299 1725 1332 1776 12

221 1825 334 1905 ρωτῶν
355 1823 414 1901 τῆς
436 1822 628 1901 θυηπολίας
642 1812 702 1895 τάς
718 1824 842 1898 θυσίας
856 1816 1068 1908 προσάγομεν
1083 1831 1154 1898 τοῖς
1172 1823 1280 1902 θεοῖς,

223 1929 309 2016 ὁμοῦ
323 1935 382 2017 μὲν
398 1935 505 2016 σέβειν
521 1933 570 1998 δεῖ
583 1927 643 1998 τὸν
657 1927 790 2016 θεσμὸν
804 1935 864 2012 τῆς
878 1939 914 2000 ὲν
928 1943 1002 2008 ταῖς
1016 1934 1156 2008 θυσίαις
1175 1934 1281 2008 θείας

222 2040 391 2127 ἁγιστείας
413 2043 525 2120 ὁσίας·
554 2040 640 2127 ὁμοῦ
663 2045 697 2108 δὲ
719 2047 863 2132 θαρρεῖν
886 2041 940 2132 ἐφ’
960 2048 1089 2119 ἑαυτοῖς
1118 2040 1281 2131 προσήκει
1299 2062 1331 2113 15

222 2152 281 2235 (ῶς
303 2150 368 2220 ὑπὸ
393 2157 489 2230 θεοῖς
511 2149 668 2239 άρχονσιν
690 2157 945 2242 ίερουργοῶμεν),
975 2151 1060 2236 ὁμοῦ
1082 2155 1116 2219 δὲ
1138 2157 1195 2221 καὶ
1217 2148 1281 2232 τὴν

224 2264 324 2346 ἀξίαν
347 2263 521 2350 εὐλάβειαν
543 2268 634 2350 ἔχειν,
662 2263 709 2350 μή
731 2290 775 2357 πῃ
797 2269 862 2335 τῶν
885 2266 978 2333 θεῶν
1000 2261 1139 2361 άναξιόν
1160 2288 1193 2329 τι
1215 2266 1281 2330 δῶ-

293 2428 318 2481 4.
344 2425 445 2494 ἡγεμῶν
463 2428 497 2480 0.
569 2429 594 2479 5.
622 2424 706 2487 οὕτως
724 2422 943 2495 ἐπικαλούμενος]
964 2422 999 2476 sic
1018 2423 1071 2487 Ac,
1094 2421 1163 2478 οὕτω
1178 2424 1279 2478 καλού-

292 2532 370 2581 μενος
389 2513 423 2565 Ο.
495 2515 519 2565 5.
534 2514 558 2566 6.
589 2511 676 2565 αὐτῶν
694 2513 724 2565 C.
796 2512 820 2563 8.
852 2505 934 2575 καθ’]
953 2503 1022 2579 μεθ’
1042 2514 1072 2562 Α.
1146 2513 1171 2564 9.
1200 2508 1281 2580 άγγί-

292 2597 369 2664 λονς]
389 2595 517 2667 ἀλλήλους
536 2599 567 2652 C.
656 2601 697 2651 13.
724 2595 933 2670 προσαγάγωμεν
952 2598 986 2650 D.
1073 2599 1113 2648 15.
1141 2594 1281 2664 ἁγιστείας

293 2705 343 2737 om.
363 2685 466 2736 ABCD.
489 2679 500 2752 ΙΙ
523 2686 636 2747 „videtur
654 2683 731 2743 ὁσίας
749 2681 961 2734 bic1·edundare“
980 2682 1044 2734 Gale
1056 2696 1117 2743 not„
1134 2681 1187 2734 sive
1199 2687 1281 2742 θείας

292 2783 378 2820 uatum
397 2789 426 2820 ex
444 2774 562 2830 θυσίαις.
585 2765 597 2838 ΙΙ
618 2768 711 2836 ἑαυτῆς
728 2769 800 2820 Aen
821 2770 879 2834 Reg.
973 2770 1014 2819 17.
1043 2771 1095 2832 ἔχει
1112 2767 1170 2820 BD.

166 2917 206 2976 25
295 2903 355 2960 Jom
373 2905 397 2959 si
414 2902 480 2960 haec
498 2925 531 2961 ex
549 2906 668 2963 moribus
686 2904 824 2964 homiuum
847 2915 949 2965 tautum
972 2904 1080 2972 fierent,
1105 2914 1132 2960 et
1154 2903 1281 2963 humanis

223 3001 327 3048 tautum
345 2992 493 3046 niterentur
511 2991 756 3061 constitutionibus,
778 3001 884 3069 poterat
901 2993 997 3049 merito
1016 2993 1076 3066 quis
1095 2990 1196 3060 dicere,
1216 2991 1282 3048 deo·

222 3099 282 3138 rum
300 3077 442 3153 religiones
460 3087 552 3133 nostra
570 3097 631 3133 esse
649 3079 769 3144 iuventa3
788 3098 859 3133 nunc
877 3087 965 3134 autem
976 3099 992 3132 a
1004 3077 1057 3134 deo
1068 3077 1282 3155 proficiscuntur

222 3167 270 3241 qui
288 3183 337 3241 per
355 3166 407 3219 ista
425 3183 501 3220 sacra
519 3166 666 3220 invocatur.
715 3164 807 3240 diique
825 3174 853 3219 et
869 3161 956 3239 augeli
975 3161 1164 3240 quamplurimi
1182 3165 1282 3222 adsunt

222 3253 258 3318 ei,
285 3250 335 3306 sub
355 3269 408 3324 quo
433 3269 482 3326 per
500 3259 608 3306 cunctus
627 3253 655 3305 in
680 3260 751 3307 terra
778 3259 870 3326 gentes
899 3270 996 3307 numen
1021 3249 1129 3325 aliquod
1151 3253 1281 3306 sortitum

221 3345 265 3394 est
283 3334 474 3413 praefecturam
492 3355 710 3412 communemque
731 3337 910 3414 provinciam
932 3338 1072 3414 proprium
1090 3355 1197 3410 quoque
1216 3337 1282 3395 iude

222 3425 352 3482 tributum
370 3431 413 3477 est
430 3419 530 3498 templo
549 3423 693 3497 unicuique
711 3443 821 3479 numeur
839 3424 904 3477 item
921 3441 1058 3478 sacrorum
1069 3421 1103 3478 ad
1115 3421 1180 3476 deos
1196 3420 1282 3478 facto·

222 3531 281 3576 rum
299 3513 438 3586 inspector
456 3517 499 3564 est
516 3507 596 3576 deus,
616 3507 650 3563 ad
668 3507 777 3584 angelos
796 3506 916 3584 angelus,
936 3507 971 3563 ad
989 3508 1133 3564 daemonas
1150 3507 1281 3574 daemonr

223 3605 250 3654 et
268 3598 296 3650 in
313 3594 373 3651 aliis
391 3596 476 3651 sacris
494 3592 576 3650 simili
594 3593 675 3651 modo
688 3595 835 3652 secundum
846 3596 985 3671 proprium
996 3614 1080 3670 genus
1094 3593 1281 3672 [praefectus]

190 3730 193 3735 ⁴
223 3690 362 3756 cognatam
379 3682 492 3737 sortitus
511 3690 553 3736 est
570 3679 763 3759 praefecturam
784 3683 813 3741 iu
834 3679 955 3756 singulis.
1001 3680 1108 3756 mando
1128 3683 1212 3757 igitur
1231 3681 1282 3741 sub

223 3767 376 3828 numinibus
393 3768 606 3844 inspectantibus
624 3768 832 3842 auctoribusque
842 3786 980 3824 sacrorum
992 3768 1124 3825 sacrificia
1135 3767 1283 3828 offeramus

222 3853 287 3920 diis,
307 3855 414 3908 omniuo
429 3863 539 3930 oportet
552 3866 628 3917 caute
640 3857 785 3912 observare
795 3852 880 3930 legem
892 3864 920 3909 et
931 3853 1052 3910 ordinem
1065 3854 1172 3912 divim
1183 3855 1284 3910 saucti-

223 3941 329 4001 mouiae
346 3939 375 3992 in
392 3941 543 4009 sacrificiis,
568 3942 647 3999 simul
665 3943 737 3999 bono
755 3961 816 3996 esse
833 3943 921 3998 auimo
940 3961 990 3998 nos
1005 3940 1118 4019 ‘oportet
1135 3940 1284 4015 (quomam

223 4027 277 4085 diis
293 4024 450 4082 auctoribus
468 4030 634 4102 operamur),
653 4032 755 4085 interea
774 4030 853 4084 etiam
872 4027 977 4104 dignum
989 4026 1229 4092 adbiberecuram
1247 4043 1285 4080 ne

222 4114 297 4189 quod
315 4113 367 4169 diis
386 4110 524 4187 indiguum
541 4131 636 4170 munus
654 4124 700 4169 aut
717 4114 834 4171 alienum
846 4114 995 4170 offeramus.
1041 4112 1158 4190 denique
1168 4110 1200 4168 id
1211 4131 1285 4169 sum·

225 4203 317 4255 matim
335 4198 521 4265 admonemus,
543 4206 573 4251 ut
592 4197 692 4273 singule
712 4202 827 4275 quaein
845 4200 924 4254 uobis
944 4208 971 4255 et
989 4200 1065 4257 circa
1078 4218 1129 4257 uos
1149 4208 1214 4256 sunt
1234 4200 1287 4255 cir·
