2776 4876
118 365 191 429 3,2δ
1126 369 1176 424 161

121 515 194 586 οὔτε
217 516 387 603 ἀλήθειαν
416 513 516 586 αὗται
545 523 687 606 ἔχουσιν,
716 518 793 609 ἀχρι
816 525 850 588 δὲ
878 527 938 589 τοῦ
960 527 1067 592 δοκεῖν
1090 549 1178 615 φαν-

121 627 279 716 τάσματα
301 628 387 718 ιμιλά
410 637 627 717 προτείνουσι.

84 757 100 807 3
208 739 334 810 Πάντα
356 739 397 824 δὴ
422 735 482 811 οὖν
504 739 547 809 τά
568 749 707 811 τοιαῦτα
721 743 923 832 ἀπορήματα
939 746 983 823 ὡς
997 746 1177 835 ἀλλοτρίως

119 851 355 940 προσαγόμενοι
378 860 434 922 καὶ
449 853 516 922 ἀπὸ
539 859 604 921 τῶν
624 859 783 923 ἐναντίων
805 859 857 922 ἐπὶ
873 852 914 922 τά
929 863 1064 924 ἐναντία
1077 885 1178 943 μετα-

118 965 288 1058 φερόμενα
311 965 371 1053 οὐχ
393 964 572 1052 ἡγούμεθα
594 963 765 1034 ἅπτεσθαι
779 969 838 1048 τῆς
852 967 1082 1057 προσηκούσης
1095 970 1176 1038 ὑπο-

84 1081 262 1156 εθίσεως·
296 1074 383 1145 ὅθεν
404 1083 461 1146 καὶ
482 1077 576 1166 ἡμεῖς
597 1077 855 1165 παραδείξαντος
877 1079 986 1147 αὐτῶν
1008 1078 1047 1147 τὸ
1069 1081 1175 1169 ἀπηρ-

118 1195 268 1274 τημένον,
292 1187 396 1256 οὐκέτ’
417 1186 563 1275 οίόμεθα
593 1193 662 1256 δεῖν
684 1196 719 1256 ὲν
747 1189 861 1268 αὐτοῖς
887 1194 940 1257 ἐπὶ
968 1195 1082 1259 πλεῖον
1104 1196 1175 1260 δια-

119 1303 252 1387 τρίβειν,
275 1299 319 1377 ῶς
341 1304 506 1386 ἐριστικῶς
520 1304 820 1389 περιπλανωμὲνοις
842 1300 914 1369 ἀλλ’
934 1301 1007 1388 οὐχί
1029 1303 1115 1389 μετά
1128 1331 1176 1372 τι·

84 1426 100 1478 9
118 1436 176 1488 νος
197 1414 402 1503 φιλοσοφίας
424 1404 678 1498 ὲπεζητημίνοις.

208 1522 332 1591 Πολλοί
353 1527 413 1607 μὲν
437 1515 496 1590 οὖν
518 1520 562 1590 ἀν
584 1550 632 1602 τις
654 1522 840 1609 θαυμάσειε
863 1527 920 1590 καὶ
942 1519 1028 1591 ἀλλα
1044 1531 1102 1607 τῆς
1116 1527 1176 1594 ἀν·
1192 1535 1233 1596 26

117 1635 284 1718 τιλογυιῆς
305 1638 528 1720 καινοτομίας,
557 1633 644 1723 ἀτάρ
667 1632 709 1716 δὴ
730 1638 787 1700 καὶ
808 1630 870 1716 τὴν
898 1640 1090 1703 ἐναντίωσιν
1110 1641 1176 1704 τῶν

65 1765 99 1816 12
118 1743 336 1832 δοξασμάτων
358 1749 583 1832 καταπλαγείη
607 1739 650 1812 ἀν
672 1745 810 1824 εἰκότως,
840 1753 868 1812 εί
897 1749 957 1828 τῆς
987 1743 1066 1828 ὅλης
1093 1747 1175 1816 ὑπο·

117 1858 246 1936 θέσεως
268 1863 471 1946 φαινομένης
497 1856 605 1942 μόνον
632 1853 726 1944 παρὰ
753 1867 823 1934 τοῖς
851 1854 983 1941 γόησιν,
1012 1857 1112 1940 οὔσης
1140 1862 1175 1926 δὲ

117 1966 271 2054 οὐδαμῶς
293 1972 350 2035 καί
377 1964 470 2056 παρά
493 1980 563 2046 τοῖς
590 1975 625 2034 ὲκ
646 1962 827 2048 πάθουςά
856 1965 1045 2052 νοσήματος
1065 1967 1175 2056 ὁρμω-

65 2095 98 2144 15
116 2082 241 2164 μένοις,
270 2077 447 2160 ἀπατηλοῖς
469 2078 576 2172 πάντη
605 2082 820 2164 διακειμένοις
848 2082 956 2164 τολμᾷ
985 2082 1103 2164 λέγειν,
1131 2080 1176 2158 ῶς

118 2193 224 2281 ἔνεστι
251 2193 308 2257 καί
335 2193 395 2272 τῆς
422 2190 588 2272 ἀληθείας
617 2185 737 2266 αὐτοὺς
764 2186 961 2275 τυγγάνεινι
995 2194 1078 2258 ποία
1109 2190 1175 2279 γὰρ

90 2372 101 2393 ·
188 2323 213 2373 3.
243 2320 275 2388 δὴ
294 2311 411 2386 odel-sio
430 2320 484 2382 AC,
512 2323 539 2373 di
557 2320 591 2375 0.
668 2321 693 2372 4.
703 2321 729 2371 5.
755 2317 976 2390 μεταφερόμεια]
994 2319 1030 2372 sic
1048 2320 1094 2371 AC
1112 2322 1174 2386 Reg.

136 2401 138 2405 ’
188 2406 321 2476 φερόμενα
340 2406 373 2459 0.
464 2408 489 2460 6.
517 2403 605 2459 αὑτῶν
625 2409 657 2458 Α.
746 2407 772 2458 8.
801 2403 936 2477 ὁριστικῶς
955 2406 988 2459 D.
1080 2407 1123 2459 12.
1151 2411 1175 2459 εί

186 2490 250 2562 τῆς,
271 2495 295 2545 ei
311 2512 351 2552 τις
369 2492 408 2544 vel
426 2496 507 2551 εἴτις
525 2493 572 2558 τῆς
591 2491 656 2544 Gale
673 2507 725 2545 not.
853 2492 895 2545 13.
921 2488 1020 2560 μόνον]
1047 2489 1083 2543 sio
1101 2490 1172 2543 ACD

187 2577 284 2640 Feret..
310 2575 391 2649 μόνης
410 2580 443 2632 Ο.
535 2581 648 2630 13-15.
676 2578 750 2649 παρὰ
769 2585 826 2636 τοῖς
844 2581 870 2630 ἐκ
889 2575 1174 2648 πάθους-διακειμέ-

82 2659 85 2663 ’
185 2685 240 2724 νοις
257 2664 321 2717 inira
340 2680 397 2734 post
414 2661 522 2733 ἀληθῶν
540 2664 685 2717 collocanda
703 2679 785 2718 censu
803 2664 867 2716 Gale
878 2679 932 2717 not.
1005 2664 1098 2718 1415.
1126 2663 1173 2736 ὁρ-

187 2748 333 2820 μωμένοις]
351 2750 387 2802 sio
405 2751 460 2813 AC,
488 2749 643 2822 ὁρμημένοις
660 2752 694 2814 D,
722 2749 885 2822 ὁρμωμένοις
904 2751 936 2803 Ο.
1032 2748 1074 2803 15.
1101 2745 1173 2802 ἀπα-

186 2834 264 2896 τελῶς
277 2839 306 2888 Α.
329 2831 342 2905 ΙΙ
364 2834 468 2908 πάντη]
488 2836 565 2898 siud,
583 2836 671 2904 πάντη
685 2837 715 2900 C,
733 2835 826 2890 πάντα
838 2835 871 2888 0.
944 2838 1058 2890 15-16.
1085 2838 1173 2907 τολμᾷ

186 2925 301 2990 λίγειν-
310 2919 447 2991 τυγχάνειν
456 2942 530 2991 snpra
540 2937 596 2991 post
608 2917 730 2992 οὐδαμῶς
739 2922 845 2974 collocat
854 2920 918 2975 Gale*
926 2938 980 2974 not.
1052 2926 1094 2976 15.
1113 2926 1173 2976 τολ-

184 3005 242 3078 μᾷ]
260 3007 295 3059 aio
314 3008 395 3071 Act),
422 3006 528 3078 τολμᾶν
551 3008 584 3060 Ο.

117 3141 175 3176 rum
195 3141 264 3197 qnae
282 3131 422 3200 apparent,
442 3141 493 3178 nee
510 3121 650 3176 veritatem
668 3123 815 3188 continent
839 3131 934 3199 utpote
951 3141 1019 3196 quae
1036 3140 1121 3196 usqne
1139 3120 1173 3178 ud

116 3207 298 3284 apparendum
315 3217 418 3264 tantum
436 3209 638 3283 imaginamenta
656 3207 816 3284 procudunt.

186 3292 243 3350 Sed
259 3292 326 3352 haee
344 3297 434 3351 omnia
453 3292 532 3349 allatu
548 3293 643 3361 dubia,
666 3303 696 3348 ut
719 3313 786 3369 quae
811 3295 877 3348 satis
900 3292 1039 3368 peregrina
1061 3300 1124 3347 sunt
1146 3302 1173 3347 et

115 3378 202 3436 aliena
221 3390 248 3436 et
265 3383 294 3436 in
312 3391 453 3458 utramque
470 3390 574 3458 partem
592 3380 727 3436 contrarie
738 3377 940 3456 propendentia‚
959 3396 1013 3432 non
1026 3374 1172 3431 iudicamus

114 3465 149 3521 ad
164 3477 334 3542 praesentem
346 3465 511 3544 hypothesin
521 3467 633 3544 proprie
644 3468 788 3543 pertinere.
835 3483 916 3540 qnare
929 3477 991 3518 oum
1003 3481 1054 3517 nos
1066 3460 1173 3517 abunde

114 3551 311 3608 ostenderimus
329 3572 409 3628 quarn
426 3551 495 3608 male
512 3551 565 3608 hue
576 3550 724 3620 mabuntur,
743 3571 798 3607 non
810 3550 992 3624 existimamus
1004 3566 1102 3624 operae
1112 3566 1173 3623 pre-

114 3640 182 3693 tinm
198 3635 242 3693 liis
260 3639 404 3705 immorari,
421 3648 453 3694 nt
470 3657 539 3714 quae
549 3639 647 3715 potius
665 3634 846 3694 contendendi
858 3626 949 3689 studio
962 3653 1042 3709 qnam
1053 3630 1173 3710 philoso-

113 3721 209 3800 phicae
228 3721 427 3798 disquisitionis
445 3725 528 3800 gratia
545 3722 721 3801 proferantur.

186 3808 242 3864 Sed
260 3818 287 3864 et
305 3807 356 3864 alia
374 3819 437 3864 sunt
455 3809 673 3887 quamplurima,
693 3811 721 3864 in
739 3807 837 3883 quibus
855 3806 946 3860 mirari
963 3806 1057 3861 subeat
1069 3814 1172 3862 eontra-
1189 3802 1229 3861 26

115 3893 223 3951 dicendi
247 3894 447 3971 innovandique
469 3895 600 3961 studium3
629 3896 775 3971 quinetiam
797 3892 971 3969 obstupescat
991 3893 1087 3948 merito
1112 3892 1172 3968 quis

115 3983 316 4058 repugnantiam
334 3983 525 4059 opinationum,
543 3982 568 4036 si
586 3981 647 4056 quis
665 3981 735 4036 ausit
753 3978 842 4035 dicere
860 3999 921 4034 esse
937 3979 1077 4035 veritatem
1088 3995 1172 4053 penes

116 4069 233 4144 magicos
252 4068 377 4136 artifices,
397 4086 511 4144 quornm
526 4075 613 4121 totum
630 4067 765 4140 negotium
782 4085 831 4142 per
849 4066 1018 4142 apparentiae
1030 4081 1116 4118 meras
1129 4081 1173 4116 ne-

116 4171 248 4230 quaqnam
265 4175 299 4210 ex
317 4174 407 4210 rerum
424 4162 518 4209 natura
536 4162 654 4230 geratur,
678 4162 724 4208 aut
741 4172 801 4208 esse
819 4172 903 4230 penes
927 4171 974 4207 eos
993 4151 1039 4225 qui
1062 4168 1095 4203 ex
1112 4166 1172 4224 pas·

116 4241 193 4296 sione
204 4251 250 4296 sut
262 4239 357 4296 morbo
370 4240 523 4309 incitantur,
543 4259 604 4297 oum
614 4240 723 4297 omnino
735 4239 839 4297 incerto
851 4249 879 4295 et
890 4235 1044 4312 deceptorie
1056 4242 1173 4309 agantur.

975 4345 1005 4395 11
