2776 4876
187 360 241 402 xlv
487 343 619 402 Praelatio
637 347 770 414 versionis
788 345 823 402 ll.
842 345 937 402 Ficini.

349 586 617 694 Argumentum
647 594 685 666 in
709 594 843 668 librum
869 592 1075 668 Jambliehi.

273 778 483 866 Porphyrius,
499 783 553 864 qui
569 782 653 842 inter
668 775 854 842 Platonicos
869 787 1003 866 propter
1019 776 1239 842 excellentiam

185 890 396 977 philosophus
419 890 608 976 appellatur,
630 890 761 978 longam
783 895 817 955 in
841 893 1027 979 Aegyptum
1050 891 1135 955 misit
1157 893 1240 976 epis-

184 1002 284 1068 tolam
314 1002 355 1066 ad
382 1002 573 1068 Anehonem
603 1002 815 1084 sacerdotem,
844 1006 1003 1079 variarum
1033 1014 1072 1093 et,
1093 1006 1239 1092 gravium

185 1119 408 1201 quaestionum
430 1115 558 1201 plenam
581 1113 621 1179 ad
644 1136 754 1180 omnes
778 1115 1003 1202 philosophiae
1031 1124 1140 1202 partes
1169 1137 1239 1201 spe-

185 1231 347 1307 ctantium,
369 1231 556 1314 praesertim
579 1226 619 1291 ad
643 1226 736 1292 deum
759 1236 856 1313 atque
879 1219 1022 1314 angelos,
1053 1227 1240 1293 daemones-

185 1362 248 1426 que
271 1350 304 1405 et
326 1342 453 1419 animas,
477 1339 518 1404 ad
540 1339 783 1426 providentiam,
807 1339 848 1403 ad
864 1341 972 1418 fatum,
995 1343 1153 1418 vaticinia,
1175 1361 1239 1405 ma-

183 1456 284 1540 gicen,
305 1452 466 1531 miracula,
489 1451 665 1528 sacrificiap
674 1462 761 1515 vota.
805 1452 979 1538 Porphyrii
995 1440 1238 1537 quaestionibus

182 1565 362 1653 respondet
375 1565 573 1630 Jamhlichus
597 1567 667 1628 eius
690 1562 827 1628 auditor.
853 1564 855 1568 ⁴
872 1563 1051 1631 introducit
1064 1587 1145 1630 vero
1156 1566 1238 1631 Por-

182 1679 302 1766 phyrio
316 1677 566 1764 respondentem
581 1676 787 1755 Abamonem
810 1677 1009 1763 Aegyptium
1030 1677 1237 1755 sacerdotem,

134 1798 141 1810 '
183 1812 244 1877 pro
268 1777 425 1856 Anebone
455 1790 614 1875 discipulo
637 1810 711 1866 suo,
741 1788 782 1852 ad
805 1811 900 1875 quem
923 1789 1125 1874 Porphyrius
1154 1794 1238 1855 misit

183 1902 361 1990 epistolam.
406 1903 500 1967 huius
524 1922 603 1990 ergo
628 1903 825 1987 quaestionis
855 1903 954 1965 totius
985 1908 1082 1984 atque
1104 1924 1237 1988 respon-

183 2019 283 2095 sionis
310 2017 459 2102 profecto
488 2013 630 2094 divinae,
661 2024 811 2100 tanquam
840 2016 875 2077 in
895 2011 1028 2089 Plotiuo
1058 2013 1163 2078 adhuc
1190 2018 1238 2079 ni-

181 2132 278 2196 mium
294 2138 479 2215 occupatus,
503 2127 626 2215 singula
650 2127 749 2192 ferme
771 2146 839 2190 non
861 2118 969 2203 verba,
992 2125 1051 2190 sed
1067 2147 1160 2191 sensa
1176 2136 1238 2190 tra-

182 2241 266 2319 duxi,
290 2253 325 2307 ut
346 2261 414 2305 non
436 2243 548 2305 mirum
563 2243 671 2326 putari
685 2239 809 2318 debeat,
832 2238 933 2303 sicubi
950 2228 1075 2303 divulsa
1087 2234 1238 2319 ‘videatur

181 2357 295 2434 oratio,
317 2356 503 2441 praesertim
526 2330 612 2418 inter
633 2356 703 2440 ipsa
726 2351 911 2438 disputandi
932 2341 1096 2440 principia,
1120 2334 1236 2416 ubi'less

142 2445 146 2455 ’
180 2470 254 2532 vior
280 2470 400 2531 iactura
427 2466 610 2530 verborum.
659 2469 721 2530 iam
752 2460 903 2551 deinceps
932 2465 1105 2529 verborum
1141 2466 1235 2528 etiarn

180 2587 349 2644 contextus
371 2581 471 2665 magis
493 2560 670 2663 perpetuus
687 2576 864 2664 apparebit.
911 2564 1040 2641 coactus
1062 2578 1142 2640 vero
1157 2567 1235 2667 'su'r'n'

179 2688 339 2754 interdum
362 2710 467 2752 meum
489 2687 627 2772 aliquod'
643 2672 795 2766 verbum·
823 2687 876 2751 vel
889 2677 892 2680 ’
905 2688 1156 2752 continuationis
1183 2678 1235 2752 rel

180 2798 413 2886 intelligentiae
428 2801 532 2886 gratia
547 2800 749 2863 interserere.
794 2796 968 2863 velocioris
991 2798 1105 2864 autem'
1122 2782 1236 2866 editio-

180 2913 230 2975 nis
253 2911 347 2974 etiam
369 2913 403 2974 in
425 2931 522 2975 causa
543 2909 605 2973 fuit
626 2908 832 2988 Pierleonus,
862 2913 911 2974 vir
934 2913 1075 2976 omnium
1099 2894 1235 2999 cupidis-

181 3020 284 3087 simus
301 3030 508 3086 secretorum.
553 3043 664 3086 verum
686 3020 720 3085 id
744 3022 831 3108 quod
845 3024 996 3108 imprimis
1013 3022 1160 3104 admiror,
1175 3008 1235 3090 hic

180 3147 314 3221 semper
330 3132 482 3198 affectare
504 3131 635 3198 videtur
663 3156 745 3220 quae
773 3138 835 3199 iam
857 3133 1013 3221 possidet.
1059 3159 1132 3202 nam
1156 3119 1235 3203 divi-

180 3250 281 3311 nitate
310 3244 446 3332 quadam
474 3249 597 3334 ingenii
619 3245 888 3346 philosophorum
911 3269 1025 3312 arcana
1048 3258 1081 3313 et
1103 3273 1236 3339 graeco·

179 3381 250 3424 rum
273 3368 307 3424 et
328 3359 538 3424 harbarorum
557 3356 706 3424 ‘nondum
728 3353 812 3424 lecta
836 3363 1054 3444 consequitur.
