2776 4876
207 339 233 405 9,
245 344 260 393 7
1209 337 1262 392 281

206 497 330 580 ψυχῆς·
352 490 428 559 τότε
449 490 514 579 μάρ
536 487 560 575 ἢ
579 491 743 580 ἀποχωρεῖ
764 494 810 577 τῷ
831 497 991 580 κρείττονι
1012 487 1035 570 ἢ
1050 493 1264 577 παραδίδωσι

206 601 268 686 τήν
291 609 494 685 ἐπιστασίαν,
523 599 793 685 ἣὺποτάττιται,
823 603 866 682 ὡς
893 604 1057 672 συντελεῖν
1084 609 1129 679 τίς
1151 600 1262 678 αὐτόν,

173 710 230 797 td
252 712 356 782 ἀλλον
378 709 454 785 τιυά
475 713 601 802 τρόπον
622 715 774 803 ὑπηρετεῖ
796 713 886 799 αὐτῷ
909 715 952 793 ὡς
974 710 1158 800 ίπάρχοντι.

297 825 377 894 Ἀπὸ
401 821 442 907 δὴ
465 826 591 894 τούτων
612 830 737 915 ῥᾳδίως
758 825 1002 912 ἀποκρινοῦμαί
1024 847 1078 892 σοι
1100 828 1156 890 καὶ
1180 819 1300 912 πράςτ

207 934 247 1004 τό
273 936 391 1020 ἐφεξῆς
414 936 574 1023 ἐρώτημα.
621 937 660 1005 οὐ
686 934 751 1026 γάρ
773 960 863 1014 τινος
884 940 950 1004 τῶν
979 943 1013 1004 ἐν
1036 935 1116 1020 ἡμῖν
1137 940 1265 1023 μέρους,

172 1046 339 1122 ηπάντωυ
362 1047 392 1114 d'
412 1044 503 1128 ἀπαξ
525 1048 638 1126 ἁπλῶς
660 1047 796 1132 ἡγεῖται,
819 1045 922 1127 διήκει
942 1072 977 1113 τε
1001 1051 1054 1114 ἐπὶ
1075 1049 1190 1114 πᾶσαν
1204 1044 1265 1127 τὴν

208 1158 262 1250 ἐφ’
283 1158 365 1243 ἡμῖν
387 1157 502 1247 ἀρχήν,
532 1156 641 1244 ὥσπερ
665 1157 726 1249 ἀφ’
747 1155 833 1224 ὅλων
855 1162 921 1225 τῶν
944 1166 979 1226 ἐν
1000 1161 1048 1244 τῷ
1069 1161 1170 1228 παντὶ
1192 1160 1265 1225 ὃτα-

208 1268 332 1351 τάξεων
348 1269 606 1356 ,ἀπονενόμητακ
651 1273 707 1336 καί
736 1265 800 1355 μάρ
829 1266 909 1356 ὅπερ
933 1292 987 1337 σοι
1009 1272 1098 1337 δοκεῖ
1123 1271 1266 1356 παρατί-

174 1384 340 1452 sciendas
363 1379 538 1472 τεκμήριον
565 1377 605 1448 τό
627 1384 701 1467 περὶ
723 1385 788 1446 τῶν
809 1377 896 1447 κατά
916 1386 1000 1471 μίρη
1030 1383 1090 1448 τοῦ
1113 1376 1266 1464 σώματος

208 1489 435 1584 ἐφεστηκότων
463 1490 631 1578 δαιμόνων
657 1492 769 1577 ὑγείας
803 1495 860 1558 καὶ
887 1494 948 1559 τοῦ
976 1491 1082 1568 sidone
1116 1494 1173 1558 καὶ
1206 1496 1266 1572 τῆς

209 1605 303 1684 ἕξεως
325 1607 384 1685 τῆς
413 1610 447 1671 ἐν
473 1602 589 1681 αὐτοῖς
617 1599 722 1670 όντων
751 1608 913 1690 συνοχέων
940 1607 996 1669 καί
1023 1600 1098 1681 ίνάς
1125 1607 1185 1670 τοῦ
1213 1605 1266 1668 ἐπὶ

156 1733 192 1783 12
208 1721 292 1783 πᾶσι
312 1719 428 1793 κοινῶς
449 1711 684 1801 ἑπιβεβηκότος
698 1711 897 1802 προστάτου,
919 1717 1018 1781 τοῦτο
1034 1716 1133 1782 ποιοῦ
1147 1716 1266 1799 δεῖγμα

209 1832 269 1909 τῆς
292 1834 336 1904 είς
353 1833 411 1892 ἕνα
427 1828 574 1912 δαίμονα
590 1807 724 1892 πόντων
738 1830 804 1893 τῶν
819 1832 854 1893 ἐν
868 1825 949 1910 ἡμῖν
963 1821 1149 1906 ἀνηκοόσης
1163 1846 1266 1912 προσ-

212 1942 346 2016 τασίας·
369 1931 416 2023 μὴ
438 1941 552 2004 τοίνυν
575 1939 694 2024 διαίρει
716 1932 850 2022 τὸνμὲν
865 1933 1018 2022 σώματος
1033 1932 1092 2002 τάν
1108 1938 1143 2002 δὲ
1158 1939 1267 2026 ψυχῆς

158 2071 191 2120 15
212 2046 272 2117 τάν
295 2053 329 2117 δὲ
351 2052 412 2116 νοῦ
434 2050 588 2133 δαίμονα.
622 2052 679 2114 καί
701 2045 765 2134 γάρ
788 2044 924 2126 ἀτοπον,
948 2054 975 2115 εί
997 2044 1036 2114 τὸ
1058 2050 1118 2134 μὲν
1133 2047 1217 2126 ζῶον
1232 2052 1266 2112 ἕν

210 2168 313 2241 ἐστιν,
342 2159 360 2226 ὁ
391 2162 425 2225 δὲ
454 2155 640 2247 ἐφεστηκός
669 2158 758 2242 αὐτῷ
787 2160 915 2243 δαίμων
943 2154 1132 2236 πολυειδής·
1158 2158 1267 2223 καίτοι

209 2274 380 2357 πανταχοῦ
403 2265 445 2351 τά
467 2264 614 2355 ἀρχοντα
636 2272 701 2334 τῶν
723 2267 914 2355 ἀρχομένων
928 2272 1019 2334 ἐστὶν
1038 2265 1266 2355 ἁπλούστερα·

159 2401 192 2452 18
210 2381 420 2469 ἀτοπώτερον
430 2379 458 2447 δ’
475 2383 523 2446 ἔτι
537 2376 664 2460 τούτου,
680 2386 707 2445 τί
716 2377 763 2463 μὴ
775 2383 918 2470 συμφυῆ,
934 2381 1113 2470 διῃρημένα
1128 2377 1158 2444 δ’
1175 2381 1268 2444 ίσται

282 2577 310 2627 8.
339 2569 669 2643 ἀπονενόμηταιΒ.ΙΙσοι]
688 2574 722 2629 σὺ
741 2567 1084 2641 ACD.ssdoxsiom.ACD.
1157 2573 1181 2624 9.
1209 2584 1266 2641 post

280 2662 331 2713 τῶν
351 2663 375 2714 0
395 2662 451 2713 add.
470 2662 550 2714 θεοῖν.
676 2660 719 2713 12.
745 2658 847 2710 τούτου
875 2660 906 2710 Α.
1033 2660 1075 2712 13.
1103 2661 1140 2718 είς
1166 2677 1216 2709 orn.
1236 2656 1267 2710 C.

276 2748 323 2800 lt.
351 2745 393 2812 di]
412 2768 441 2799 τε
462 2750 491 2799 Α.
600 2748 642 2799 18.
667 2744 705 2812 εἰ]
723 2745 759 2798 sic
777 2747 809 2807 A,
836 2748 860 2798 si
878 2747 905 2797 di
924 2746 956 2796 0.

211 2907 399 2993 adipiscaniur.
447 2926 511 2973 tunc
530 2919 601 2973 euim
620 2914 731 2970 daemon
749 2913 793 2971 vel
804 2934 916 2992 prorsus
929 2915 1001 2971 cedit
1012 2914 1117 2972 meliori
1130 2912 1266 2989 traditque

212 3005 387 3080 provinciam,
406 3012 452 3057 aut
469 3004 611 3059 subiicitur
629 3004 654 3057 ei
672 3004 709 3056 ita
727 3011 758 3056 ut
776 2999 895 3057 conserat
912 3003 937 3056 ei
950 3000 1061 3078 aliquid,
1080 2998 1189 3056 autulio
1203 3020 1269 3076 quo-

211 3090 253 3145 vis
272 3087 352 3144 modo
371 3091 395 3144 ei
414 3088 600 3151 subministret
617 3098 751 3164 tamqnam
769 3089 909 3165 superiori.

282 3172 372 3249 Atque
391 3194 424 3230 ex
440 3173 484 3231 his
503 3177 584 3231 etiam
606 3174 641 3230 ad
663 3183 821 3250 sequentem
845 3175 1030 3250 quaestionem
1052 3170 1138 3229 facilis
1156 3168 1305 3232 habetur7

212 3262 362 3335 responsio.
412 3263 556 3317 nonenim
577 3280 657 3316 unam
680 3258 796 3335 aliquam
817 3269 922 3337 partem
940 3261 968 3314 in
986 3259 1078 3326 nobis,
1103 3256 1152 3313 sed
1175 3276 1269 3324 omnes

213 3343 293 3400 simul
312 3355 340 3400 et
357 3347 416 3402 sine
433 3345 590 3403 discrimine
607 3348 684 3422 regit,
708 3345 882 3422 extenditque
899 3364 930 3401 se
951 3343 985 3400 ad
1006 3346 1094 3401 omnia
1116 3353 1269 3399 nostrarum

213 3433 348 3487 actionum
366 3434 507 3509 principia,
526 3429 748 3508 quemadmodum
759 3434 820 3510 ipse
831 3432 865 3488 ab
877 3433 1010 3488 universis
1023 3429 1115 3488 mundi
1128 3426 1268 3485 ordinibus

212 3517 292 3572 nobis
311 3527 367 3573 erat
385 3517 471 3573 datus.
517 3517 590 3593 quod
607 3519 689 3594 igitur
705 3527 736 3573 tn
746 3528 880 3594 tamqnam
893 3515 1067 3574 coniectando
1079 3515 1219 3592 proponis,
1237 3535 1269 3570 ac

213 3604 238 3658 si
255 3600 348 3679 plures
367 3613 459 3660 essent
476 3603 619 3660 daemones
638 3607 761 3682 corporis
779 3607 867 3661 nostri
885 3603 1007 3681 partibus
1019 3599 1213 3679 praesidentes,
1231 3602 1270 3656 ita

213 3697 245 3744 nt
262 3707 332 3743 unus
350 3687 530 3746 valetudinem
548 3699 625 3746 curet
649 3690 717 3748 alins
739 3688 966 3769 pulchritudinem
988 3697 1162 3764 caeterosque
1183 3687 1213 3743 in
1234 3689 1270 3743 iis

213 3773 329 3842 habitus,
349 3773 475 3850 quodque
492 3795 574 3852 snper
591 3775 641 3832 laos
660 3797 753 3834 omnes
772 3796 841 3832 unus
859 3776 1007 3833 communis
1019 3784 1093 3831 esset
1103 3793 1222 3852 praeses,
1241 3772 1270 3829 id

213 3859 297 3917 velim
313 3859 412 3916 habeas
429 3880 480 3938 pro
499 3872 653 3938 argumento
672 3863 746 3941 quod
757 3881 826 3920 unns
838 3871 880 3917 est
891 3879 984 3917 revera
996 3859 1109 3918 daemon
1122 3863 1169 3938 qui
1181 3862 1270 3918 omnia

214 3966 282 4022 quae
300 3949 328 4002 in
347 3946 424 4003 nobis
443 3957 506 4003 sunt
524 3948 660 4024 gubernat.
708 3949 765 4005 noli
783 3949 864 4023 igitur
885 3945 967 4004 alium
990 3949 1099 4025 corpori
1117 3947 1198 4004 alium
1215 3947 1270 4002 ani·

215 4053 281 4100 mae,
300 4031 451 4090 intellectui
467 4032 550 4090 alium
568 4033 724 4091 &emonem
736 4033 895 4100 attribuere3
913 4044 957 4091 est
968 4037 1040 4092 enim
1052 4035 1104 4092 hoc
1116 4031 1268 4100 absurdum,

216 4129 248 4176 ut
266 4122 303 4175 sit
320 4118 417 4175 animal
433 4139 529 4188 unum.
552 4118 703 4198 praefectus
725 4129 814 4176 autem
836 4119 949 4177 daemon
970 4119 1119 4197 multiplex.
1163 4128 1269 4175 namet

216 4227 246 4262 ea
265 4227 333 4283 quae
351 4216 446 4283 regunt
462 4227 569 4285 semper
587 4217 649 4264 sunt
667 4205 831 4284 simpliciora
847 4207 979 4273 subditis3
997 4205 1087 4267 sedet
1102 4203 1170 4263 illud
1182 4203 1269 4263 adhuc
