2776 4876
161 351 197 404 db
1141 353 1211 418 1,ἱῖ

162 513 227 590 έχει
249 516 317 583 τοῖς
337 509 464 590 ιἐριῦσι,
492 509 525 570 τί
547 503 668 586 δήποτε
691 509 816 573 παθῶν
837 531 886 586 τις
908 506 990 599 αὐτῇ
1011 505 1211 594 προσάπτεις

163 617 202 683 οὐ
222 616 285 702 γάρ
307 611 383 692 τοὺς
403 614 552 694 ἀπαθεῖς
572 621 628 683 καὶ
649 615 825 703 καθαροὺς
847 626 891 698 εὶς
911 617 950 687 τὸ
972 616 1134 701 παθητὸν
1154 625 1213 687 καλ

161 726 402 812 ἀκάθαρτον
385 754 407 809 ῆ
435 726 569 810 τοιαύτη
597 733 710 810 κλῆσις
730 733 908 855 κατασπᾷ
948 729 1143 798 τούναντίον
1176 734 1246 800 δλῖ

162 836 238 916 τοὺς
258 843 422 924 ἐμπαθεῖς
443 838 666 923 μενομένους“
649 844 737 924 ημᾶς
751 838 806 907 διά
822 838 882 922 τὴν
895 847 1021 927 γένεσιν
1035 838 1212 929 καθαροὺς

148 955 215 1017 Ικαὶ
238 951 417 1038 ἀτρέπτους
439 948 664 1037 ἀπεργάζεται.

253 1062 331 1130 Ἀλλ’
358 1063 428 1131 οὐδ’
454 1069 491 1129 αἱ
518 1060 733 1152 προσκλησοις
759 1059 815 1130 διὰ
842 1061 978 1143 πάθοος
1006 1062 1244 1140 συνάπτουσιν

162 1186 231 1253 τοῖς
252 1179 348 1254 θεοῖς
369 1171 445 1253 τοὺς
466 1179 585 1259 ἱερέας·
619 1172 673 1240 διὰ
695 1177 730 1242 dd
744 1179 803 1256 τῆς
817 1178 917 1254 θείας
930 1178 1045 1268 φιλίας
1058 1180 1118 1257 τῆς
1133 1198 1211 1244 συν·

162 1285 298 1374 εχοάσης
325 1283 368 1354 τά
395 1285 506 1353 πάντα
538 1290 712 1353 κοινωνίαν
740 1292 918 1374 παρέχουσι
944 1289 1005 1369 τῆς
1032 1285 1212 1355 ἀδιαλύτου

161 1402 366 1483 συμπλοκῆς
399 1398 457 1486 οὐχ
478 1397 522 1477 ὡς
543 1394 698 1483 τοῦνομα,
720 1395 765 1477 ὥς
784 1424 821 1484 με
836 1397 920 1467 οὕτω
935 1397 1039 1480 δόξαι,
1061 1396 1212 1467 αὐτόθεν
1227 1416 1253 1468 ν

161 1516 321 1604 ἐμφαίνει,
343 1507 402 1578 τὸν
422 1515 503 1577 νοῦν
524 1515 589 1576 τῶν
605 1514 696 1577 θοῶν
717 1513 975 1643 προσμλλνουσαι
988 1523 1059 1588 τοῖς
1073 1508 1210 1596 ἀνθρώ-

160 1648 242 1703 ποις,
265 1619 352 1689 ἀλλά
373 1621 443 1688 κατ’
464 1618 545 1688 αὐτὸ
568 1619 607 1689 τὸ
634 1621 811 1704 ἀληθὲς
791 1648 834 1700 ως
862 1620 1018 1707 βούλεται
1048 1619 1210 1689 ἀναδιδά-

161 1757 256 1814 σκειν,
285 1731 344 1817 τῆν
365 1734 498 1818 γνώμην
519 1737 584 1798 τῶν
605 1731 796 1821 ἀνθρώπων
824 1737 1010 1816 ἐπιτηδείαν
1031 1731 1212 1866 ἀπεργμζά-
1227 1746 1260 1798 12

161 1870 258 1930 μενοι
278 1843 360 1976 πρὸς
380 1841 419 1912 τὸ
441 1849 585 1931 μετέχειν
607 1847 672 1911 τῶν
693 1848 793 1925 θεῶν,
820 1854 878 1913 καὶ
899 1844 1087 1932 ἀνάγουσαι
1106 1842 1211 1926 αὐτὴν

161 1953 243 2043 πρὸς
253 1953 334 2035 τοὺς
347 1952 450 2034 θεοὺς
464 1982 520 2022 και
509 1954 592 2025 διὰ
605 1959 746 2035 πειθοῦς
759 1961 919 2043 ἐμμελοῦς
932 1954 1211 2046 συναρμόζονσαι

163 2067 249 2136 ὅθεν
280 2067 322 2151 dai
344 2073 400 2135 xci
422 2065 572 2156 ὀνόματα
603 2070 693 2134 θεῶν
714 2072 891 2156 ἱεροπρεπῆ
918 2074 974 2136 καὶ
995 2061 1102 2135 τᾶλλα
1129 2073 1265 2140 θοῖναν.

163 2179 364 2267 συνθήματα
392 2177 550 2286 dauwe}
577 2177 660 2246 ὄντα
686 2176 770 2268 πρὸς
796 2177 873 2259 τοὺς
908 2177 1009 2259 θεοὺς
1037 2177 1211 2248 συνάπτενν

162 2289 264 2370 αὐτὰς
285 2290 431 2360 δύναται.

235 2544 257 2592 l.
284 2538 393 2607 παθῶν]
411 2539 488 2608 πάθη
502 2541 580 2593 ACI).
653 2544 677 2594 3.
705 2543 794 2610 κλῆσις
811 2562 863 2595 orn.
884 2542 965 2595 acl).
1036 2545 1061 2594 5.
1089 2537 1209 2613 ἀπεργά-

232 2629 330 2689 ζεσθαι
348 2627 377 2680 Β,
487 2629 510 2680 6.
539 2625 599 2681 οὐδὲ
618 2633 647 2680 αἱ
667 2633 696 2679 Α.
722 2622 736 2696 [Ι
761 2631 928 2700 προσκλίνας
945 2628 1009 2680 Gale
1026 2643 1077 2680 not
1096 2629 1127 2678 cf.
1146 2626 1209 2679 infra

233 2735 254 2766 v.
275 2714 314 2765 10.
339 2718 552 2785 προσκλίνουσαι.
624 2718 648 2766 7.
673 2712 764 2781 delae]
782 2715 818 2766 sic
836 2714 917 2778 ACD,
933 2735 987 2768 oua.
1004 2714 1036 2766 0.
1108 2714 1132 2767 9.
1161 2708 1210 2778 οὐχ

234 2797 277 2864 ὡς]
296 2799 330 2850 sic
350 2800 428 2862 ACD,
447 2798 496 2867 οὐχ
515 2800 585 2860 ὅπως
603 2801 634 2853 Ο.
657 2795 669 2868 ΙΙ
690 2801 721 2853 od
741 2798 827 2872 ὄνομα
846 2802 903 2852 ΑΙ).
948 2788 951 2795 ’

163 3033 193 3078 et
210 3021 243 3078 ad
260 3023 421 3098 principium
439 3022 558 3081 divinum
575 3025 712 3088 unionem,
737 3022 800 3099 quid
817 3022 925 3079 tandem
941 3023 1053 3101 patibile
1071 3025 1213 3099 qnisquam

164 3109 206 3165 his
224 3108 348 3185 affingere
366 3111 471 3186 possit?
506 3129 593 3185 neque
612 3111 682 3164 enim
701 3108 866 3187 deospuros
890 3119 917 3165 et
938 3108 1100 3188 impatibiles
1121 3111 1215 3165 istius·

164 3196 267 3252 modi
258 3214 378 3272 impurae
400 3215 495 3273 preces
519 3195 553 3251 ad
575 3215 626 3250 uos
649 3194 773 3274 patibiles
798 3204 825 3252 et
848 3198 967 3274 impuros
991 3194 1169 3263 attraherent,
1197 3213 1213 3251 e

164 3293 256 3340 contra
279 3302 348 3338 vero
367 3300 418 3336 nos
441 3300 489 3359 per
506 3283 617 3358 genesin
633 3284 752 3360 impuros
771 3293 798 3338 et
814 3281 940 3360 patibiles
958 3281 1044 3340 iactos
1061 3281 1095 3339 ad
1112 3283 1213 3360 purita-

164 3382 217 3428 tem
236 3380 263 3426 et
280 3369 314 3425 ad
331 3359 570 3424 inmutabilitatem
589 3369 710 3424 iormant.

234 3456 290 3514 Sed
313 3471 400 3532 neque
421 3455 604 3509 invocationes
627 3454 680 3510 diis
703 3476 751 3532 per
771 3458 924 3533 passionem
946 3465 1109 3512 connectunt
1125 3468 1214 3510 saeer-

164 3545 250 3611 dotes,
269 3545 388 3619 quinimo
405 3559 455 3617 per
472 3542 614 3596 amicitiam
631 3540 747 3597 divinam
765 3561 832 3617 quae
852 3543 977 3599 universa
995 3542 1114 3600 continet
1130 3539 1216 3596 indis*

165 3628 307 3686 solubilem
325 3629 498 3684 connexionis
516 3629 726 3683 communionem
744 3637 887 3705 praestant.
924 3648 978 3684 non
996 3626 1067 3704 quod
1085 3625 1216 3682 inclinant

165 3715 199 3771 ad
216 3714 337 3770 homines
355 3713 465 3769 deorum
482 3723 605 3781 mentem,
624 3712 843 3789 quemadmodum
856 3716 1006 3770 existimare
1017 3730 1114 3769 nomen
1125 3715 1215 3790 ipsum

165 3802 271 3868 doceat,
290 3799 387 3855 sedat
404 3801 463 3877 ipsa
480 3800 577 3855 veritas
599 3800 698 3857 docere
720 3799 790 3868 vult,
813 3799 950 3857 bominum
971 3799 1137 3856 voluntatem
1157 3797 1215 3855 ido·

166 3908 243 3945 neam
261 3885 378 3943 efficiunt
394 3885 428 3941 ad
446 3886 646 3965 participandos
664 3887 744 3956 deos,
768 3889 855 3965 ipsam
878 3886 912 3942 ad
936 3906 983 3942 eos
1006 3886 1171 3942 adducentes
1187 3894 1216 3941 et

165 3995 214 4054 per
232 3971 367 4030 suadelam
384 3971 565 4029 dulcissimam
583 3985 779 4031 connectentes.
816 3973 887 4029 unde
899 3975 978 4029 etiam
991 3983 1018 4028 et
1033 3975 1141 4028 nomina
1152 3971 1216 4028 deo·

167 4082 224 4122 rum
242 4079 326 4127 sacra,
345 4069 372 4115 et
390 4069 478 4116 cetera
496 4059 585 4115 divina
603 4061 733 4137 symbola,
752 4081 783 4118 eo
797 4058 869 4137 quod
885 4063 1025 4139 anagogica
1035 4069 1108 4128 sunt,
1125 4057 1217 4116 valent

166 4149 350 4206 invocationes
368 4145 421 4203 diis
439 4156 588 4202 annectere.
