2776 4876
195 350 247 404 lta
1178 342 1250 407 32²2

196 527 246 572 σει
268 509 413 595 φυσικῶν
436 502 530 570 οὐδὲν
554 504 684 569 διοίσει·
707 502 764 564 καὶ
779 494 818 564 τὸ
839 495 1033 583 μιγνύμενον
1049 491 1176 563 άτοιτον
1191 500 1251 580 μὲν

197 619 290 682 ἔσται
312 614 421 682 ἀίδιον
444 612 615 706 φυόμενον
645 606 700 676 διὰ
729 615 891 694 γενέσεως,
919 605 1130 694 ἀτοπώτερον
1159 608 1193 673 δέ
1221 632 1254 672 τι

197 723 441 807 διαλυθήσεται
462 726 496 806 ἐξ
518 725 633 792 ἀιδίων
662 720 855 813 ύφεστηκός.
901 720 1053 805 οὐδαμῶς
1081 715 1149 806 άρα
1178 717 1288 785 ούδὲ3

196 836 218 918 ἡ
242 835 377 918 τοιαύτη
401 833 482 917 δόξα
505 841 579 924 περὶ
600 837 659 916 τῆς
682 836 840 918 μαντείας
861 836 925 920 ἔχει
945 826 1020 899 τινά
1043 826 1153 913 λόγον.

286 946 472 1032 Νοήσωμεν
495 946 523 1013 δ’
544 950 591 1012 ἔτι
612 949 668 1012 καὶ
690 940 751 1025 τὴν
773 941 965 1032 παράδοξον
987 940 1110 1022 ταύτην
1128 938 1253 1021 ὑπόλη-

141 1065 181 1124 22
197 1075 273 1150 φιν,
304 1060 365 1125 είτε
387 1061 469 1144 μίαν
491 1082 540 1135 τις
566 1051 670 1138 αὐτὴν
699 1058 779 1136 θείη
810 1055 871 1121 ε’ίτε
900 1053 968 1121 δύο.
1013 1055 1115 1138 λέγεις
1144 1055 1289 1121 τοίνυνθ

198 1168 242 1247 ῶς
273 1165 409 1260 ἡψυχὴ
437 1173 537 1254 γεννᾷ
567 1167 708 1253 δύναμιν
736 1164 964 1258 φανταστικὴν
990 1166 1050 1230 τοῦ
1077 1166 1255 1249 μέλλοντος

198 1280 254 1347 διά
276 1278 434 1346 τοιούτων
456 1277 651 1366 κινημάτων,
673 1273 696 1360 ἢ
712 1273 753 1344 τά
769 1273 1006 1364 προσαμύμενα
1021 1269 1088 1340 ἀπὸ
1103 1277 1162 1356 τῆς
1175 1271 1257 1354 ύλης

198 1389 358 1482 ύφίστησι
381 1388 436 1456 διὰ
459 1395 523 1457 τῶν
547 1393 689 1458 ἑνονσῶν
712 1387 882 1473 δυνάμεων
904 1391 1080 1472 δαίμονας,
1109 1388 1165 1451 καὶ
1190 1382 1255 1471 μά
1274 1400 1290 1450 9

199 1504 296 1568 λιστα
318 1500 339 1583 ἡ
362 1497 428 1568 άπὸ
452 1504 517 1568 τῶν
539 1499 629 1582 ζάων
652 1505 837 1587 είλημμίνη.
883 1502 972 1565 δοκεῖ
1001 1501 1035 1564 δέ
1064 1521 1123 1583 μοι
1149 1499 1256 1563 ταῦτα

199 1606 309 1693 δεινὴν
331 1617 545 1698 παρανομίαν
567 1616 741 1704 ἐμφαίνειν
763 1618 807 1689 είς
830 1607 912 1691 ὅλην
934 1606 995 1690 τὴν
1020 1610 1202 1693 θεολογίαν
1222 1632 1256 1673 τε

199 1725 256 1787 καὶ
277 1717 339 1802 τὴν
362 1719 561 1810 θεουρηικὴν
583 1727 762 1810 ἐνέργειαν·
791 1724 825 1787 ἓν
847 1725 907 1808 μὲν
929 1717 994 1809 γὰρ
1018 1715 1145 1787 άτοιιον
1167 1723 1257 1807 ιερῶ-
1276 1728 1309 1778 12

199 1856 259 1897 τον
281 1838 538 1921 καταφαίνεται,
565 1840 592 1898 εί
614 1837 765 1917 μεννητοί
787 1839 848 1900 είσι
869 1836 925 1899 καὶ
947 1834 1102 1921 φθαρτοί
1129 1836 1161 1896 οἱ
1184 1832 1258 1896 δαί-

200 1964 315 2026 μονες·
340 1949 450 2031 ἕτερον
474 1946 508 2010 δὲ
531 1941 651 2011 τούτου
674 1940 865 2030 δεινότερον,
888 1950 915 2008 εί
938 1940 1004 2009 άιτὸ
1027 1946 1092 2008 τῶν
1114 1940 1257 2029 ὑστέρων

201 2055 327 2118 ἑαυτῶν
354 2050 564 2142 τιαράμονται
592 2051 748 2141 πρότεροι
776 2052 885 2119 αὐτῶν
915 2050 1021 2131 ὅντες·
1058 2057 1165 2144 ψυχῆς
1192 2048 1257 2140 γάρ
1277 2066 1310 2117 15

203 2161 310 2243 δήπου
339 2168 482 2231 καὶτῶν
510 2168 584 2252 περὶ
607 2173 677 2241 τοῖς
699 2159 829 2247 σῶμασι
852 2161 1021 2249 δυνάμεων
1049 2161 1258 2254 προύφεστή-

203 2297 299 2342 κασιν
329 2280 360 2341 οἱ
391 2277 554 2360 δαίμονες.
600 2270 683 2363 πρὸς
712 2271 841 2352 τούτοις
869 2279 938 2352 πῶς
967 2273 1106 2341 δύναται
1131 2270 1174 2341 τά
1200 2279 1259 2355 τῆς

276 2466 299 2516 1.
328 2450 437 2530 διοίσει]
458 2465 546 2533 δεήσει
563 2466 597 2517 D.
614 2460 626 2533 ΙΙ
643 2464 780 2532 γενόμενον
798 2466 830 2526 A,
856 2463 991 2534 γινόμενον
1009 2466 1042 2519 D.
1055 2460 1067 2533 ΙΙ
1080 2462 1188 2526 οἷτύιτως
1205 2466 1259 2529 Ac,

274 2544 382 2603 άτότιων
400 2552 432 2601 D.
528 2553 552 2603 3.
581 2549 732 2618 ύφεστηκῶς
751 2548 780 2600 C.
803 2543 816 2617 ΙΙ
837 2545 927 2616 οὐδ’ύ]
946 2551 1002 2602 ΑΙ).
1097 2554 1122 2604 i.
1151 2557 1215 2618 ἔχειν
1233 2575 1261 2605 τι

274 2630 372 2705 άλομοκ
398 2637 430 2690 Β.
574 2639 598 2689 5.
626 2633 777 2704 νοήσωμεν]
800 2634 836 2686 sie
854 2635 926 2687 ACD
951 2637 1036 2688 Feseh.
1064 2634 1203 2707 νοὴσοιμεν
1226 2638 1260 2692 0.

275 2723 300 2773 8.
328 2721 474 2788 τοιούτων]
495 2722 596 2775 τούτων
609 2722 643 2773 D.
718 2722 741 2773 9.
769 2719 943 2790 ύφίστησιῦ.
1017 2724 1058 2774 13.
1085 2725 1259 2791 γενητοίΑῙ).

275 2808 318 2856 17.
345 2806 382 2858 τοὶ
400 2827 450 2859 om.
470 2808 507 2858 D.

204 2993 347 3068 gignuntur
364 3011 414 3069 per
433 2996 644 3068 generationem
668 3003 772 3050 etcum
791 2995 935 3051 absurdum
954 2998 991 3052 sit
1007 3016 1108 3075 ponere
1126 3008 1263 3054 aeternum

205 3079 281 3134 nasei
298 3097 348 3156 per
366 3081 575 3154 generationem,
601 3078 669 3135 illud
686 3074 769 3156 magis
788 3081 932 3137 absurdum
950 3085 1002 3139 erit
1020 3087 1044 3140 si
1067 3084 1131 3160 quid
1149 3087 1263 3140 intereat
1282 3137 1286 3143 .

206 3163 279 3240 quod
299 3184 332 3219 ex
350 3168 466 3220 aeternis
491 3167 656 3221 constiterat.
701 3185 782 3241 quare
801 3167 866 3223 haee
889 3167 963 3223 nullo
983 3169 1063 3226 modo
1082 3171 1116 3226 de
1133 3174 1262 3227 vaticinio

206 3252 338 3305 sententia
357 3253 459 3307 ratione
477 3251 565 3328 aliqua
583 3253 684 3307 nititur.

278 3333 490 3393 Consideremus
509 3337 622 3414 amplius
633 3337 795 3415 paradoxum
805 3338 875 3396 hane
887 3341 1109 3418 suppositionem,
1127 3345 1185 3398 sive
1197 3353 1263 3399 tarn·

147 3418 187 3477 22
206 3440 285 3497 quam
307 3442 385 3478 unam
410 3424 467 3478 sive
494 3433 525 3478 ut
548 3423 683 3500 duplicem
706 3427 766 3501 quis
790 3429 970 3504 proposuerit.
1016 3429 1055 3482 ais
1077 3431 1170 3504 utique
1188 3429 1262 3505 quod

206 3508 291 3562 anima
310 3528 359 3584 per
377 3510 511 3564 motiones
530 3511 661 3566 eiusmodi
673 3521 781 3583 generet
792 3521 953 3588 potestatem
965 3515 1152 3589 imaginantem
1164 3514 1260 3583 futura,

206 3599 252 3645 aut
270 3590 413 3649 daemonas
433 3597 580 3650 constituat
597 3616 630 3651 ex
649 3598 682 3651 iis
701 3598 781 3654 rebus
801 3619 868 3675 quae
890 3621 903 3654 a
923 3602 1033 3656 materia
1056 3611 1197 3657 sumuntur
1217 3601 1262 3656 ha-

205 3674 331 3732 bentibus
350 3679 378 3732 in
396 3699 426 3735 se
444 3682 517 3736 vires
535 3681 702 3749 huiusmodi3
726 3693 754 3738 et
778 3687 890 3741 maxime
913 3686 1021 3761 quidem
1043 3690 1128 3743 anima
1154 3688 1186 3743 ab
1209 3690 1262 3743 ani·

206 3758 321 3816 malibus
340 3763 451 3821 inclusa.
498 3767 547 3823 sed
564 3767 690 3824 videntur
707 3767 772 3826 haee
790 3790 949 3848 magnopere
967 3773 1069 3831 violare
1087 3784 1171 3830 totam
1188 3772 1263 3828 theo·

208 3844 307 3922 logiam
324 3857 351 3901 et
369 3847 533 3928 theurgicam
551 3857 739 3932 operationem.
784 3859 871 3934 primo
883 3856 951 3913 illud
964 3859 1108 3916 absurdum
1121 3870 1170 3929 est,
1190 3860 1262 3936 quod

204 3941 289 4009 ponat
307 3931 448 3991 daemonas
467 3940 632 4013 generabiles
650 3952 678 3998 et
695 3942 898 4020 corruptibilem
917 3944 966 4000 sed
983 3945 1058 4002 aliud
1075 3949 1158 4022 magis
1171 3947 1262 4003 absur-

206 4017 282 4086 dum,
304 4020 332 4097 'si
350 4017 493 4079 daemones
512 4027 616 4102 priores
640 4049 700 4084 cum
723 4031 790 4099 sint,
811 4039 971 4106 generentur
993 4031 1026 4086 ab
1051 4033 1085 4105 iis
1110 4053 1177 4108 quae
1200 4042 1262 4087 sunt

205 4106 363 4179 posteriora.
409 4105 551 4166 daemones
570 4113 640 4167 enim
658 4117 733 4191 prius
753 4118 871 4172 existunt
882 4125 939 4171 tum
951 4120 1037 4173 anima
1049 4128 1106 4173 tum
1120 4120 1192 4173 omni
1205 4137 1262 4173 eor·

206 4207 286 4262 porea
305 4201 446 4269 potestate.
493 4194 579 4254 adhuc
592 4198 726 4275 quomodo
737 4212 851 4278 possunt
863 4201 1032 4279 particularis
1049 4206 1152 4260 animae
1164 4208 1191 4260 in
1205 4224 1262 4260 eor·
