2776 4876
207 363 233 426 b,
245 364 278 416 tt
427 368 432 381 “
1190 380 1193 386 ·
1206 359 1260 414 alt

295 509 521 602 Σκεψώμεθα
543 509 585 595 δὴ
608 509 646 581 τό
667 507 751 599 μετά
772 516 871 580 τοῦτο
893 510 1076 602 συμφώνως
1095 522 1166 591 τοῖς
1179 536 1260 601 προ·
1278 528 1317 588 15

209 632 391 715 ειρημίνοις
412 627 468 692 καὶ
491 619 553 706 τὴν
575 622 738 712 ἡμετέραν
752 625 872 703 διπλῆν
886 620 1106 690 κατάστασιν·
1130 619 1185 690 ὅτε
1199 628 1260 709 μίν

173 733 273 825 εμάρ
296 734 369 804 ὅλοι
391 731 480 824 ψυχὴ
502 732 693 822 γιγνόμεθα
719 738 776 800 καί
798 740 895 819 ίσμεν
923 731 984 813 ἔξω
1012 735 1072 800 τοῦ
1100 730 1262 819 σώματος,

207 851 364 936 μετέωροί
386 869 419 912 τε
441 849 488 931 τῷ
510 849 557 931 νῷ
578 842 661 932 μεθ’
680 841 767 912 ὅλων
789 848 856 910 τῶν
883 841 993 911 ἀύλων
1021 846 1114 911 θεῶν
1142 867 1262 928 μετεω-

208 961 429 1049 ροπολοῦμεν·
451 953 506 1024 ὅτε
528 954 558 1023 δ’
574 948 621 1023 αὖ
640 958 808 1042 δεδίμεθα
829 961 864 1023 λν
877 959 924 1039 τῷ
940 952 1111 1041 ὀστρεάδει
1126 950 1263 1040 σάματι,

174 1093 191 1144 ε
210 1075 266 1139 καὶ
287 1064 352 1137 ὑπό
374 1070 435 1150 τῆς
454 1063 536 1148 ὕλης
556 1063 777 1152 κατεχόμεθα,
806 1069 864 1132 καί
891 1071 989 1153 λσμεν
1016 1065 1262 1152 σωματοειδεῖς·

209 1179 308 1247 πάλιν
330 1171 391 1247 οὖν
412 1175 483 1261 ἥκει
503 1179 565 1259 τῆς
585 1178 770 1264 θρησκείας
792 1176 811 1244 ό
834 1180 969 1254 διπλοῦς
988 1172 1125 1264 τρόπος·
1156 1173 1174 1241 ὁ
1203 1172 1264 1260 μὲν

209 1287 275 1379 γάρ
298 1294 390 1358 ἔσται
412 1288 538 1367 ἁπλοῦς
560 1284 736 1373 ἀσώματος
756 1283 859 1374 ἁγνὸς
880 1283 948 1353 ἀπὸ
970 1282 1080 1367 πάσης
1101 1289 1264 1371 γενέσεως,

174 1421 191 1472 o
210 1399 301 1480 ὅστις
324 1411 397 1479 ταῖς
418 1396 598 1489 ἁχράντοις
614 1394 784 1482 ἐπιβάλλει
804 1406 937 1490 ψυχαῖς,
960 1396 978 1464 ὁ
1002 1397 1032 1464 δ’
1052 1395 1264 1483 ἀναπιμπλά-

208 1537 309 1599 μενος
330 1514 396 1578 τῶν
418 1506 581 1596 σωμάτων
602 1511 659 1577 καί
680 1512 740 1589 τῆς
762 1505 878 1576 ἐνάλου
898 1505 1008 1590 πάσης
1029 1512 1264 1596 πραγματείας,

210 1621 302 1700 ὅστις
323 1633 397 1699 ταῖς
409 1615 458 1706 μὴ
473 1623 647 1707 καθαραῖς
661 1625 775 1707 πρέπει
788 1630 913 1709 ψεηηαῖς
925 1621 1009 1704 μηδὲ
1023 1617 1266 1695 άπολυθείσαις

158 1749 193 1801 12
209 1731 320 1814 πάσης
342 1735 506 1818 γενέσεως.
551 1732 609 1796 καὶ
630 1731 761 1797 θνσιοῖν
780 1732 895 1796 τοίνυν
915 1731 1038 1815 τίθημι
1063 1724 1158 1795 διττά
1180 1727 1264 1810 είδη·

209 1839 253 1910 τά
281 1847 341 1928 μὲν
368 1844 435 1910 τῶν
463 1840 793 1928 άποιιεκαάαρμίνων
824 1835 1038 1907 παντάπασιν
1065 1837 1267 1930 ἀνθρώπων,

213 1950 268 2021 οἷα
291 1951 345 2044 ἐφ’
363 1946 439 2030 ίνός
459 1947 503 2019 άν
524 1974 604 2017 ποτε
632 1957 761 2035 γένοιτο
784 1953 938 2030 σπανίως,
968 1946 1012 2027 ὥς
1037 1971 1141 2040 φησιν
1158 1948 1267 2039 Ἠρά-

161 2087 195 2137 15
212 2068 345 2144 κλειτος,
365 2059 389 2143 ἤ
412 2085 509 2129 τινοιν
524 2059 644 2146 ὀλίγον
659 2059 893 2149 εὐαριθμήτων
907 2059 1045 2150 ἀνδρῶν,
1065 2059 1109 2127 τά
1123 2059 1154 2128 δ’
1169 2063 1268 2128 ίννλα

216 2179 273 2242 καὶ
299 2175 506 2261 σωματοειδῆ
527 2177 584 2240 καί
605 2167 661 2240 διά
674 2174 861 2258 μεταβολῆς
875 2155 1107 2260 συνιστάμενα,
1127 2169 1184 2239 οἶα
1198 2179 1269 2249 τοῖς

215 2290 263 2352 ίτι
277 2290 506 2370 κατεχομένοις
520 2277 585 2350 ὑπό
600 2285 661 2349 τοῦ
674 2281 829 2370 σώματος
843 2280 987 2370 ἁρμόζει
1024 2280 1140 2350 πόλεσι
1156 2287 1268 2350 τοίνυν

286 2521 310 2570 l.
339 2515 522 2587 σκεψόμεθα]
540 2516 576 2568 sic
594 2515 650 2577 CD,
677 2515 841 2586 σκεψόμεθα
859 2515 893 2568 0·
977 2517 1002 2567 3.
1030 2510 1077 2583 ὅλη
1096 2514 1129 2568 0.
1149 2508 1162 2583 ΙΙ
1182 2514 1268 2583 μιμνό·

285 2601 377 2673 podo}
390 2601 425 2654 εἰσ
436 2603 472 2668 D,
497 2601 650 2672 μεμνώμεθα
661 2598 715 2665 AC,
741 2601 875 2670 γινόμεθα
888 2600 922 2655 0.
994 2601 1018 2653 d·
1047 2597 1145 2670 τῷτῷ]
1164 2602 1215 2654 τῶν
1234 2600 1268 2653 0.

286 2692 328 2743 13.
356 2685 490 2759 άνθρείπηι
509 2688 543 2739 D.
616 2688 658 2740 id.
673 2688 713 2739 lb.
731 2683 920 2759 Ἡράκλειτος]
933 2687 1000 2738 bunc
1012 2687 1095 2738 locum
1107 2686 1134 2738 in
1146 2684 1269 2740 Schleier-

285 2775 392 2828 macbcri
411 2788 561 2846 syntagmate
579 2792 631 2826 non
649 2770 742 2826 inveni.
838 2775 878 2825 17.
906 2771 1106 2840 κατεχομένοις]
1124 2777 1269 2844 μετεχομέ-

285 2883 343 2922 ναις
362 2863 394 2924 Δ,
419 2864 628 2931 μετασχομίνσις
647 2858 677 2911 C.

288 3096 444 3172 Cogitemus
462 3098 573 3173 insuper
590 3095 625 3153 ad
642 3095 708 3151 baec
727 3115 794 3172 quae
812 3094 926 3151 diximus
939 3105 966 3150 et
978 3093 1047 3151 illud
1058 3098 1124 3150 satis
1137 3105 1271 3172 spectans,
1289 3095 1328 3153 lb

218 3203 314 3261 nempe
331 3184 402 3238 ritae
420 3192 528 3240 nostrae
546 3184 679 3259 geminum
691 3179 818 3238 babitum.
863 3191 905 3237 est
917 3183 987 3236 enim
999 3178 1105 3257 quando
1122 3184 1208 3237 anima
1219 3183 1272 3237 toti

219 3271 315 3326 fiamus
335 3278 362 3325 et
380 3279 454 3327 extra
474 3289 572 3347 corpus
591 3268 792 3334 constituamur,
810 3276 951 3341 menteque
968 3267 1056 3322 evecti
1078 3285 1127 3344 per
1150 3265 1203 3323 alta
1219 3277 1272 3323 tra-

220 3376 322 3424 nemus,
342 3355 453 3412 deorum
471 3353 683 3412 immaterialium
702 3363 729 3409 et
746 3352 938 3410 universalium
954 3351 1085 3429 hospites.
1131 3351 1271 3428 aliqnando

219 3461 284 3498 vero
304 3444 513 3518 constringimur
531 3441 652 3518 corporis
670 3448 754 3507 testa,
777 3448 805 3494 et
823 3440 998 3518 opprimimur
1020 3459 1034 3492 a
1052 3439 1175 3505 materia,
1200 3439 1273 3493 etin

220 3529 341 3603 corporis
359 3526 479 3583 indolem
497 3527 694 3602 degeneramus.
740 3524 864 3581 similiter
881 3524 981 3601 duplex
1004 3525 1056 3579 erit
1077 3521 1166 3580 cultus
1188 3523 1273 3582 divini

219 3614 302 3677 ratio;
318 3609 367 3666 illa
385 3611 501 3689 simplex
518 3614 677 3689 incorporea
693 3611 728 3667 ab
746 3615 819 3668 omni
837 3612 1008 3689 generatione
1024 3629 1091 3688 pura
1110 3619 1190 3686 atque
1206 3609 1273 3667 adeo

220 3699 334 3754 sinceris
354 3707 509 3775 competens
527 3698 677 3764 animabus;
700 3697 767 3753 baec
784 3696 864 3774 plena
883 3695 1041 3774 corporibus
1060 3707 1087 3753 et
1104 3695 1200 3753 ritibus
1221 3717 1274 3754 mu·

219 3781 368 3850 terialibus‚
394 3785 573 3860 convenitque
590 3782 726 3840 animabus
745 3782 864 3839 nondum
882 3781 1025 3838 defaecatis
1043 3792 1089 3839 aut
1105 3787 1274 3860 generatione

220 3889 333 3947 prorsus
351 3868 480 3925 liberatis.
526 3870 719 3928 sacrificiorum
737 3888 801 3944 ergo
813 3869 918 3946 species
931 3868 998 3924 duae
1010 3879 1086 3937 sunt3
1104 3868 1154 3926 alia
1167 3870 1274 3946 quidem

220 3966 283 4012 sunt
301 3955 439 4013 bominum
457 3974 627 4033 summopere
642 3963 823 4032 purgatorum,
842 3953 914 4029 quod
932 3973 1001 4024 raro,
1019 3965 1050 4013 ut
1066 3959 1104 4014 ait
1114 3956 1274 4024 Heraclitus,

221 4045 267 4099 vix
284 4044 331 4097 nni
349 4052 396 4097 aut
412 4041 500 4109 alteri,
519 4062 584 4098 sane
601 4041 785 4120 paucissimis,
809 4042 911 4108 evenit3
935 4041 986 4098 alia
1005 4053 1068 4100 sunt
1084 4042 1229 4100 materialia
1247 4052 1275 4100 et

224 4149 317 4186 crassa
336 4129 410 4184 etin
428 4131 574 4186 mutatione
593 4130 752 4194 consistunt,
776 4125 862 4202 qualia
881 4130 1043 4186 conveniunt
1064 4128 1200 4184 animabus
1219 4149 1275 4186 cor-

120 4234 127 4243 ’
220 4235 289 4293 pore
306 4214 393 4272 adhuc
411 4217 574 4274 constrictis.
620 4234 701 4292 quare
718 4214 872 4272 civitatibus
896 4225 924 4272 et
945 4214 1054 4293 oppidis
1076 4212 1192 4272 nondum
1214 4235 1275 4296 pur-
