2776 4876
200 334 253 394 loo
1185 327 1255 392 ato

199 488 283 580 μετά
305 487 477 579 ῥηστώνης
499 486 623 580 ὅπῃπερ
646 483 689 555 ἀν
712 489 792 575 δοκῇ
815 493 885 562 τοῖς
906 489 1015 563 θεοῖς.
1051 485 1257 612 σιζβολικῶς

202 606 237 672 δὲ
258 600 320 683 την
342 598 475 687 γνώμην
496 603 557 667 τοῦ
577 601 665 666 θεοῦ
687 600 885 687 ἐμφαίνουσι
892 646 900 676 ,
928 601 985 662 καὶ
1007 592 1068 676 τὴν
1096 619 1156 677 του
1178 597 1256 681 μίλ-

200 717 318 790 λοντος
338 708 547 800 προδήλωσιν
568 709 653 777 καθ’
669 705 887 798 Ἡράκλειτον
915 701 988 775 οὔτε
1010 709 1160 802 λίγρντες
1182 700 1291 772 οάτε3

91 865 94 871 f
201 820 399 920 κρώπτρντες
420 819 508 888 ἀλλά
523 825 748 920 σημαίνρντες,
771 814 880 900 ἐπειδὴ
895 821 955 898 τῆς
969 818 1184 904 δημιουργίας
1197 811 1258 881 τάν

201 930 327 1022 τρόπον
350 931 558 1001 ἀποτυποῦσι
579 928 635 999 διά
657 935 716 1012 τῆς
737 926 980 1020 προδηλώσεως.
1026 925 1184 1015 καθάπερ
1199 918 1258 993 οὖν

203 1042 248 1112 δι’
269 1040 403 1149 εἰκάζων
424 1048 570 1129 γεννῶσι·
583 1040 703 1123 πάντα,
724 1046 780 1109 καί
803 1043 1020 1137 σημοώζηουσιυ
1034 1034 1190 1116 ὡσαύτως
1203 1032 1294 1105 ὃιάυ

203 1151 446 1265 συνθημμίτων·
469 1154 548 1232 ίσως
569 1155 604 1220 δὲ
626 1157 682 1221 καί
705 1150 765 1233 τὴν
786 1152 949 1240 ἡμετέραν
971 1148 1102 1218 σύνεσιν
1117 1144 1185 1214 ἀπὸ
1200 1151 1260 1228 τῆς

204 1263 307 1347 αὐτῆς
329 1264 488 1357 ἀφορμῆς
511 1272 556 1343 είς
578 1261 720 1346 ὀξύτητα
742 1265 879 1330 πλείονα
900 1260 1101 1328 ἀνακινοῦσι.

148 1382 187 1442 16
299 1379 402 1442 Ταυτὶ
423 1380 484 1462 μὲν
506 1368 565 1444 οὖν
586 1378 702 1453 κοινῶς
723 1374 803 1460 ἡμῖν
824 1375 900 1461 περὶ
928 1374 987 1453 της
1016 1368 1096 1451 ὅλης
1124 1369 1296 1457 &tripu-t

203 1490 301 1567 πίνης
322 1484 478 1568 τοιαύτης
500 1492 614 1574 τέχνης
642 1488 829 1572 διωρίσθω·
863 1482 936 1550 κατ’
957 1484 1044 1549 tatae
1073 1483 1108 1548 oc
1136 1476 1179 1547 τά
1200 1483 1261 1567 μὲν

207 1593 381 1683 οπλάμχνα
402 1595 425 1678 ἥ
447 1621 482 1664 τε
503 1594 595 1686 ψυχὴ
617 1599 683 1663 τών
703 1593 795 1677 ζώων
815 1597 872 1662 καὶ
894 1592 913 1660 ὁ
936 1587 1121 1684 ἐφεστηκὼς
1148 1590 1262 1668 αὐτοῖς

206 1707 335 1792 δαίμων
356 1710 413 1774 καί
436 1707 454 1773 ὁ
478 1703 544 1793 ἀὴρ
567 1703 589 1787 ἥ
612 1731 647 1773 τε
662 1710 788 1787 κίνησις
802 1707 862 1772 τοῦ
877 1703 976 1794 ἀέρος
989 1707 1046 1771 καὶ
1060 1702 1157 1784 ὴτοῦ
1170 1725 1261 1790 περι·
1280 1721 1314 1772 12

206 1822 339 1903 ίχοντος
359 1822 526 1909 περιφορὰ
548 1813 747 1904 μεταβάλλει
769 1819 923 1893 ποικίλως
944 1811 1068 1907 ὅπηπερ
1084 1808 1127 1880 ἀν
1142 1811 1263 1904 ἀρέσκῃ

206 1934 277 2004 τοῖς
298 1928 405 2004 θεοῖς.
450 1937 587 2014 σημεῖον
616 1930 651 1994 δὲ
681 1924 719 1994 τὸ
747 1925 906 2004 πολλάκις
935 1924 1149 2014 εὑρίσκεσθαι
1177 1918 1263 1989 αάτά

207 2034 352 2124 ἀκοίρόια
374 2033 397 2119 ἢ
418 2033 526 2117 ἀλλως
541 2035 666 2126 ἀμοιρα
680 2043 746 2104 τῶν
760 2034 968 2126 κυριωτάτων
982 2039 1100 2123 μερῶν,
1123 2026 1169 2100 ὧν
1183 2033 1263 2099 ἀπε·
1282 2062 1315 2113 15

208 2152 391 2236 στερημίνα
414 2147 472 2237 οὐχ
489 2145 545 2216 οίά
560 2174 594 2216 τε
616 2141 659 2230 ἦν
674 2146 759 2227 ὅλως
774 2157 844 2226 τοῖς
859 2145 954 2228 ζώοις
967 2151 1120 2233 παρέχειν
1141 2141 1179 2212 τὸ
1193 2145 1263 2225 ζῆν.

206 2254 284 2337 τούς
306 2261 341 2325 δὲ
364 2254 508 2348 ὄρνιθας
529 2268 610 2328 κινεῖ
631 2263 691 2346 μὲν
713 2263 769 2327 καὶ
791 2257 813 2339 ἡ
843 2260 901 2339 τῆς
923 2259 1009 2333 totae
1030 2258 1140 2346 ψυχῆς
1168 2253 1264 2344 ὁρμή,

281 2542 304 2592 1.
331 2537 419 2608 μετὰ]
438 2539 474 2591 aie
492 2539 572 2603 ACD,
594 2539 665 2608 μετά
682 2537 730 2606 τῆς
748 2538 782 2600 0,
804 2557 855 2588 om.
874 2536 905 2590 B.
978 2538 1003 2588 2.
1031 2535 1197 2605 ἐμφαίνουσι,
1220 2536 1266 2585 καὶ

278 2624 326 2693 τὴν
343 2622 394 2678 τοῦ
412 2645 464 2678 om.
478 2626 512 2679 0.
585 2625 608 2678 3.
637 2619 706 2677 καθ’
716 2619 904 2695 Ἡράκλειτον]
918 2619 1128 2674 Schleiermaehcr
1139 2638 1193 2689 pag.
1204 2620 1264 2672 333.

280 2711 306 2762 ὅ.
334 2709 393 2775 διὰ]
417 2713 462 2762 κοιλ
479 2710 525 2764 orci
544 2708 624 2762 ACD.
697 2710 722 2760 6.
750 2705 871 2774 εἰκόνων]
896 2708 969 2761 εἰδῶν
987 2705 1060 2778 Tayl.
1081 2701 1094 2774 ΙΙ
1114 2708 1266 2777 προσημαί-

280 2812 373 2848 νουσιν
390 2795 453 2846 Gale
471 2810 523 2848 σοι.
544 2790 557 2864 ΙΙ
577 2793 639 2861 orci]
658 2794 766 2848 natura
785 2793 890 2847 ABCD.
1034 2795 1059 2846 7.
1087 2788 1208 2857 σύνεσιν]
1231 2791 1266 2842 ric

281 2878 346 2930 Gale
363 2894 429 2945 not.;
453 2879 580 2936 σύνθεσιν
599 2880 632 2933 Ο.
723 2883 764 2933 11.
792 2878 933 2950 ίφεστικώς
951 2878 985 2930 D.

210 3151 370 3226 obsequium
387 3151 539 3230 perficiunt.
584 3151 734 3229 symbolice
750 3172 815 3209 vero
832 3151 997 3208 volantatem
1015 3149 1060 3207 dei
1076 3148 1229 3226 significaut
1241 3158 1269 3203 et

211 3235 360 3294 futurorum
371 3240 502 3307 notitiam,
520 3249 550 3295 ut
568 3241 655 3315 inquit
665 3237 817 3296 Heraclitus
836 3258 905 3307 „uec
922 3237 1064 3313 loquenten
1082 3255 1132 3291 nec
1150 3233 1268 3291 celantes

210 3323 260 3379 aed
278 3323 488 3400 significantcs“,
514 3327 639 3402 quoniam
657 3345 747 3382 rerum
764 3323 925 3401 agendarum
943 3326 1077 3380 rationem
1093 3324 1170 3397 quasi
1191 3341 1269 3398 prae·

210 3408 326 3484 figurant
343 3429 392 3486 per
409 3408 478 3467 hauc
495 3413 632 3488 praeviam
648 3410 896 3468 manifestationem.
942 3419 971 3466 et
988 3406 1210 3487 quemadmodum
1229 3406 1269 3462 dii

210 3514 261 3571 per
277 3494 353 3552 ideas
372 3498 460 3553 omnia
478 3507 612 3573 generem,
636 3497 730 3555 itidem
747 3516 796 3574 per
813 3494 980 3572 synthemata
998 3495 1170 3552 haecomnia
1188 3495 1269 3570 signi·

211 3578 310 3648 ficant3
330 3582 411 3637 immo
429 3585 600 3658 sagacitatem
617 3593 738 3639 nostram
754 3581 805 3638 hae
817 3583 958 3639 occasione
970 3584 1113 3638 acutiorem
1126 3579 1250 3637 reddunt.

156 3664 196 3724 16
283 3663 355 3721 Haec
373 3668 455 3742 igitur
472 3689 487 3723 a
505 3669 584 3726 nobie
601 3671 631 3726 in
648 3688 746 3746 genere
764 3667 798 3724 de
815 3670 939 3726 universa
957 3667 1007 3725 hac
1025 3668 1139 3726 humana
1156 3675 1214 3721 arte
1225 3685 1269 3721 va·

213 3748 342 3805 ticinandi
365 3751 474 3809 definita
497 3763 591 3821 aunto;
618 3753 805 3831 particularius
828 3764 915 3811 autem
938 3765 1000 3812 exta
1023 3753 1175 3811 animalium
1195 3752 1269 3808 varie

212 3844 367 3913 permutant
383 3836 418 3893 ad
435 3838 546 3897 deorum
563 3839 728 3898 voluntatem
739 3850 797 3898 tum
807 3844 867 3921 ipaa
878 3861 972 3899 eorum
982 3843 1070 3898 anima
1081 3851 1139 3896 tum
1156 3838 1270 3894 daemon

213 3921 250 3976 iio
267 3917 418 3997 praefectus
435 3933 493 3981 tum
505 3931 558 3985 aer
568 3935 626 3983 tum
637 3925 705 3984 caeli
717 3929 852 3985 circuitur.
897 3928 950 3985 hoe
961 3929 999 3984 ita
1012 3948 1073 3985 enac
1085 3927 1191 4002 signum
1202 3921 1270 3979 illud

214 4016 265 4074 eet,
284 4005 358 4083 quod
375 4026 457 4086 aaepe
475 4020 535 4067 exta
553 4013 611 4068 aine
629 4013 711 4070 corde
728 4023 774 4069 aut
791 4016 851 4071 aiue
867 4013 929 4072 aliia
941 4013 1063 4093 partibus
1075 4009 1271 4091 principalibus

174 4115 180 4120 ’
213 4091 458 4170 deprehendantur,
477 4098 536 4152 aine
553 4097 651 4174 quibua
668 4119 724 4156 non
739 4110 855 4178 poseant
869 4101 953 4158 vitam
964 4097 1123 4157 animalibus
1133 4097 1271 4177 praebere.

214 4196 279 4236 aree
295 4180 389 4240 itidem
406 4191 596 4262 permoventur
613 4193 671 4242 tum
687 4207 703 4242 a
719 4205 784 4244 auae
801 4190 903 4245 animae
920 4189 1024 4266 impetn
1039 4196 1098 4244 tum
1115 4205 1130 4240 a
1146 4183 1272 4263 praeside
