2776 4876
132 343 204 408 ³‚24
1143 348 1193 401 157

134 495 243 565 αὐτῶν
264 499 357 563 ἔσται
377 496 399 576 ἡ
422 495 606 584 πρόγνωσις
629 499 864 585 ἀπηλλαγμένη
893 499 1019 578 παντὸς
1047 499 1192 580 πάθοις.

134 612 181 676 ἔτι
192 602 230 675 τὸ
245 605 361 686 πάθος
375 605 480 693 μόνον
495 613 555 676 τοῦ
569 609 735 702 παρόντος
751 609 952 678 αἰσθάνεται
974 617 1030 680 καὶ
1052 617 1112 680 τοῦ
1128 609 1193 694 ἤδη

100 736 115 786 3
134 716 369 810 ἀφεστηκότος,
392 717 413 801 ἡ
429 722 464 786 δὲ
479 718 665 808 πρόγνωσις
679 725 735 789 καὶ
751 725 816 788 τών
831 725 964 807 μηδέπω
982 720 1086 792 ὄντων
1102 724 1193 791 ἀντι·

134 828 357 918 λαμβάνεται·
375 838 485 920 ἕτερον
497 828 564 921 ἀρα
577 836 645 900 ἐστὶ
661 829 699 900 τὸ
711 831 944 921 προγινώσκειν
956 839 1016 903 τοῦ
1031 833 1177 922 πάσχειν.

223 941 446 1033 Σκεψώμεθα
470 939 511 1025 δὴ
534 949 590 1010 καὶ
612 941 654 1008 τά
683 942 840 1032 τεκμήριά
869 968 930 1012 σου
958 949 1016 1025 τῆς
1038 944 1192 1028 τοιαύτης

101 1073 118 1123 6
136 1052 243 1136 δόξης.
281 1048 321 1119 τὸ
342 1058 402 1139 μὲν
424 1056 465 1136 δὴ
488 1053 813 1141 καταλαμβάνεσθαι
834 1051 895 1135 τάς
917 1056 1095 1138 αἰσθήσεις
1110 1055 1193 1143 πρὸς

136 1163 174 1234 τὸ
198 1168 352 1232 ἐναντίον
374 1169 469 1232 τείνει
490 1163 513 1248 ἢ
535 1165 608 1234 οἷον
630 1167 671 1235 οὐ
693 1169 810 1253 λέγεις·
838 1165 1009 1257 γνώρισμα
1037 1166 1101 1256 γάρ
1125 1175 1193 1234 ἐστι

136 1279 312 1362 τοῦμηδὲν
327 1273 510 1367 φάντασμα
527 1275 738 1362 ἀνθρώπειον
753 1281 932 1360 τηνικαῦτα
949 1278 1192 1347 ἀνακινεῖσθαι.

103 1393 169 1455 soi
191 1391 228 1455 δὲ
250 1391 527 1477 προσενεχθέντες
556 1387 656 1474 ἀτμοὶ
684 1385 767 1476 πρὸς
795 1386 853 1456 τὸν
883 1385 968 1457 θεὸν
997 1393 1105 1478 ίίχονσι
1132 1385 1194 1469 τὴν

137 1505 332 1586 συγγένειαν,
356 1499 396 1566 οὐ
417 1494 501 1588 πρὸς
522 1497 583 1579 τὴν
605 1494 715 1587 ψυχὴν
736 1502 796 1566 τοῦ
818 1498 1063 1578 λποπτεώοντος.
1099 1505 1138 1566 αἴ
1158 1525 1192 1567 τε

1187 1606 1194 1633 i

137 1608 317 1693 ἐπικλήσεις
346 1610 405 1677 οὐκ
433 1612 603 1688 ἐπιπνοίας
632 1613 691 1691 τῆς
720 1613 871 1690 διανοίας
900 1611 1137 1702 ἀνεγείρουσιν,
1170 1610 1192 1692 ἡ

85 1731 119 1782 12
138 1717 307 1807 σωματικά
329 1719 430 1802 πάθη
454 1727 489 1787 ὲν
511 1723 558 1806 τῷ
573 1723 751 1808 δεχομένῳ·
774 1717 937 1807 ἀγνωστοι
952 1721 1016 1811 γάρ
1033 1730 1095 1790 εισι
1109 1747 1192 1790 παν-

139 1835 236 1912 τελῶς
256 1836 313 1899 καὶ
336 1831 533 1920 ἀπόρρητοι,
562 1830 653 1918 μόνῳ
675 1834 710 1900 δὲ
731 1837 776 1918 τῷ
799 1836 870 1919 θεῷ
892 1838 1061 1922 γνωρίμως
1080 1838 1194 1919 λέγον-

137 1968 193 2009 ται
216 1939 256 2010 ὃν
287 1945 533 2010 ἐπικαλοῦνται·
563 1941 601 2009 τὸ
624 1942 653 2009 δ’
674 1940 757 2010 εἶναι
778 1940 824 2032 μὴ
853 1943 981 2024 πάντας
1009 1942 1096 2012 ἀλλά
1117 1944 1193 2024 τοὺς

87 2069 120 2121 15
139 2052 379 2140 ἁπλουστέρους
392 2057 448 2120 καὶ
463 2058 556 2133 νέους
570 2057 853 2143 ἐπιτηδειοτέρους,
868 2059 964 2137 δηλοῖ
977 2059 1076 2124 τοῦτο
1091 2055 1134 2134 ὡς
1149 2063 1193 2134 είς

138 2160 327 2251 καταδοχὴν
348 2167 394 2249 τῷ
416 2163 543 2244 ἔξωθεν
566 2163 741 2232 ἐπεισιόντι
763 2174 819 2233 καὶ
841 2172 1011 2253 κατέχοντι
1031 2165 1193 2254 πνεύματι

139 2281 171 2342 οἱ
194 2278 339 2343 τοιοῦτοί
369 2282 451 2342 εἰσιν
478 2271 688 2362 λτοιμότεροι.
734 2282 769 2340 ἐκ
798 2271 839 2356 δὴ
867 2275 991 2344 τούτων
1021 2278 1060 2345 οὐ
1086 2281 1193 2357 καλῶς

87 2398 121 2450 18
139 2383 279 2479 στοχάζῃ
300 2385 417 2466 πάθος
440 2385 524 2455 εἶναι
545 2380 604 2453 τὸν
632 2385 896 2473 ἐνθουσιασμόν,
926 2391 1100 2473 συμβαίνει
1127 2387 1192 2479 χάρ

209 2574 234 2625 4.
262 2574 313 2625 τοῦ
331 2570 442 2641 πάσχειν
460 2593 510 2626 om.
528 2572 561 2624 D⁴
658 2575 684 2625 8.
711 2567 865 2645 ἀνθρώπιον
884 2573 941 2625 BD.
1033 2577 1075 2628 10.
1102 2597 1130 2629 τε
1149 2578 1192 2627 ad-

209 2657 420 2711 ditumerACD.
492 2660 534 2712 16.
561 2656 689 2713 ίιτισιόκτι
707 2658 765 2712 BD.
838 2660 879 2713 17.
909 2655 941 2712 ori
954 2657 1047 2726 καλῶς]
1065 2661 1100 2712 sic
1113 2661 1193 2725 Act),

211 2738 258 2797 osia
278 2741 362 2805 ἄλλως
380 2744 412 2809 Β,
439 2739 487 2798 οὐκ
506 2740 614 2812 ἀληθῶς
632 2745 664 2797 0.
787 2747 828 2798 18.
857 2744 991 2817 στοχαζη]
1010 2748 1119 2812 τοπάζει
1137 2747 1191 2811 AC,

209 2828 313 2900 τοπάζη
330 2831 363 2883 D.

139 3011 166 3057 ct
184 3000 217 3056 ab
236 3001 308 3057 omni
325 3002 451 3078 passione
469 3003 589 3058 seiuncta
607 3002 725 3077 cognitio
744 3021 811 3077 quae
830 3022 874 3057 eas
892 3003 1039 3079 praevidet.
1076 3002 1191 3079 denique

137 3089 254 3165 percipit
270 3096 373 3142 tantum
391 3094 541 3164 praesentia
554 3097 581 3143 et
592 3088 645 3142 iam
657 3089 799 3143 existentia
810 3091 910 3165 passio,
929 3091 1068 3165 praenotio
1081 3108 1111 3142 ea
1124 3108 1192 3163 quae

138 3173 255 3229 nondum
273 3183 336 3228 sunt
353 3176 502 3230 antevertit.
547 3176 628 3250 igitur
646 3173 718 3230 aliud
736 3183 778 3230 est
795 3174 953 3251 praevidere
971 3172 1043 3228 aliud
1060 3175 1192 3250 passioni-

137 3258 188 3313 bus
206 3260 306 3335 agitari.

207 3345 394 3402 Examinemus
413 3365 495 3423 porro
507 3355 659 3422 argumenta
671 3344 749 3400 huius
761 3355 822 3401 tuae
834 3346 977 3421 opinionis.
1027 3343 1099 3419 quod
1112 3346 1192 3418 igitur

139 3450 233 3487 sensus
252 3441 429 3508 occupentur,
452 3431 506 3488 aiio
525 3438 556 3488 ac
580 3443 609 3487 tu
632 3433 751 3508 opinaris
776 3430 873 3498 tendit3
896 3441 938 3487 est
961 3431 1031 3486 enirn
1054 3428 1192 3496 indicium,

58 3576 60 3580 Α
138 3516 211 3593 quod
229 3515 333 3570 nulium
356 3514 500 3572 humanum
521 3517 678 3595 phantasma
701 3527 758 3572 tum
780 3519 919 3574 excitetur.
964 3515 1192 3591 suffumigationes

138 3620 203 3659 vcro
222 3621 289 3676 quac
307 3599 396 3656 soient
414 3602 504 3658 afferri
522 3624 577 3660 non
594 3605 743 3681 respiciunt
766 3604 879 3658 animam
903 3602 1062 3678 spectantis,
1086 3601 1135 3656 sed
1158 3601 1192 3657 ad

138 3687 217 3742 deum
235 3684 334 3740 habent
356 3687 518 3744 affinitatem.
563 3692 746 3748 invocationes
769 3697 856 3743 autem
879 3707 932 3742 non
956 3689 1071 3744 excitant
1094 3690 1192 3743 mentis

137 3782 246 3828 nostrae
263 3773 467 3848 inspirationes,
491 3782 536 3829 aut
557 3777 699 3853 passiones
718 3791 860 3849 corporeas
883 3775 911 3827 in
929 3775 1105 3850 suscipiente3
1129 3784 1192 3830 sunt

138 3861 209 3915 enim
227 3856 388 3935 ignorabiles
406 3878 519 3936 prorsus
538 3870 565 3916 et
583 3857 741 3924 ineffabiles,
766 3855 871 3933 solique
890 3857 941 3914 deo
965 3879 1043 3934 quem
1065 3862 1192 3916 invocant

137 3955 217 4001 notae
236 3955 373 4001 canuntur.
420 3944 492 4020 quod
510 3955 598 4000 autern
616 3965 671 4000 non
693 3962 785 3999 omnes
804 3944 853 4000 sed
871 3944 1049 4022 simpliciores
1068 3957 1096 4002 et
1107 3949 1192 4002 iunio·

136 4052 181 4087 res
200 4031 234 4087 ad
251 4032 449 4088 vaticinantium
466 4033 522 4108 apti
541 4033 602 4099 sint,
621 4029 673 4086 hoc
692 4031 757 4084 satis
776 4031 894 4087 ostendit
911 4034 979 4088 istos
998 4032 1032 4087 ad
1045 4034 1192 4108 suscipien-

136 4117 198 4174 dum
216 4119 341 4195 spiritum
359 4119 393 4175 ab
406 4126 480 4174 extra
492 4118 642 4173 venientem
654 4116 872 4194 obsidentemque
889 4117 949 4174 aliis
962 4138 1022 4174 esse
1033 4119 1190 4193 paratiores.

136 4204 185 4260 sed
203 4225 236 4261 cx
254 4203 297 4260 his
317 4206 400 4280 siguis
419 4224 471 4259 non
491 4213 563 4260 recte
582 4204 717 4259 coniectas
735 4207 888 4282 passionem
901 4225 960 4261 esse
973 4202 1190 4271 enthusiasmum,
