2776 4876
110 343 179 406 ³2³¹
1120 350 1172 405 1⁷9

109 495 271 586 ὑπερφυὲς
292 495 402 564 ἀίδιον
424 496 647 587 προϋπάρχον,
670 499 745 567 οὐδὲ
766 498 961 587 παράθεσίν
976 526 1049 569 τινα
1064 506 1170 572 toede-

105 605 250 694 γόμενον
273 603 348 675 οὔτε
369 607 534 698 ὑπεροχήν
555 635 644 689 τινος
666 617 702 679 ίν
722 615 859 692 πολλοῖς
888 621 1167 702 προτεταγμένην,

75 736 91 788 ³
110 717 182 785 ἀλλ’
203 717 383 787 ἀπολύεται
411 721 495 788 καθ’
514 719 613 789 ἑαυτὸ
635 727 691 789 καὶ
712 728 880 808 μονοειδὲς
906 723 1041 792 πάντων
1062 750 1168 812 προη-

108 840 223 916 γεῖται.
269 823 297 916 ᾦ
324 833 374 898 δεῖ
401 836 458 899 καὶ
487 837 524 901 οὲ
550 837 607 899 καὶ
633 836 700 911 πάς
729 831 820 914 ὅστις
841 840 911 904 ἐστὶ
938 834 1073 921 γνήσιος
1101 842 1168 906 τῶν

109 945 201 1008 θεῶν
223 939 363 1030 ἐραστὴς
386 942 556 1011 ἐπιδοῦναι
577 940 697 1011 ἑαυτὸν
720 942 816 1013 ὅλον·
839 953 874 1012 ἐν
895 942 961 1036 γάρ
984 953 1044 1015 τοῦ
1058 947 1165 1017 τοιού-

74 1074 168 1126 οτον
189 1051 314 1139 τρόπον
335 1059 552 1144 παραγίνεται
576 1051 647 1141 ἀμα
670 1081 705 1122 τε
727 1063 783 1123 καὶ
806 1064 841 1125 ὲν
864 1069 937 1136 ταῖς
957 1059 1165 1144 μανεείαιςὴ

109 1158 289 1244 ἄπταιστος
311 1165 460 1248 ἀλήθεια
482 1169 537 1231 καὶ
560 1173 595 1233 ἐν
617 1177 690 1245 ταῖς
716 1180 840 1258 ψυχαῖς
868 1167 890 1249 ἡ
919 1171 1027 1235 τελεία
1055 1168 1166 1259 ἀρετή.

107 1271 192 1360 μετά
214 1273 339 1344 τούτων
361 1280 397 1344 δὲ
413 1277 610 1367 ἀμφοτέρων
625 1280 757 1346 δίδοται
771 1289 841 1357 τοῖς
856 1283 1033 1365 θεουργοῖς
1047 1278 1068 1362 η’
1084 1277 1167 1369 πρὸς
1211 1329 1214 1334 ι

74 1380 146 1455 tad
169 1381 290 1468 νοητὸν
317 1393 383 1478 πῦρ
413 1383 547 1466 ἀνοδος,
577 1385 596 1455 δ
626 1387 668 1471 δὴ
690 1395 747 1457 καὶ
769 1392 861 1468 τέλος
889 1392 940 1456 δεῖ
967 1388 1078 1473 πάσης
1105 1396 1167 1478 μὲν

107 1497 320 1585 προγνώσεως
348 1497 458 1581 πάσης
486 1503 521 1566 δὲ
555 1503 754 1590 θεονργικῆς
788 1506 1016 1588 πραγματείας
1050 1507 1166 1592 προτί-

107 1612 251 1677 θοσθαα

54 1736 89 1786 12
198 1718 324 1803 Μάτην
346 1713 407 1790 οὖν
428 1720 609 1808 ίπεισάγεις
629 1719 692 1803 τὴν
721 1718 788 1790 ἀπὸ
818 1729 884 1790 τῶν
912 1723 1030 1790 ἀθέων
1054 1722 1165 1805 δόξαν,

107 1831 150 1910 ὡς
171 1829 239 1921 ἀρα
260 1829 322 1916 τὴν
342 1837 457 1901 πάσαν
477 1838 638 1921 μαντείαν
661 1831 728 1901 ἀπὸ
751 1839 812 1902 τοῦ
832 1810 981 1922 πονηροῦ
1003 1836 1166 1923 δαίμονος

109 1943 269 2028 ἡγοῦνται
290 1948 533 2012 ἐπιτελεῖσθαι·
557 1940 632 2013 οὔτε
652 1942 718 2034 γάρ
741 1942 836 2026 ἀξιον
858 1945 966 2013 αὐτῶν
980 1943 1166 2032 μνημονεά·

55 2074 88 2124 15
106 2079 154 2121 ειν
175 2063 211 2122 ἐν
231 2068 306 2134 ταῖς
326 2058 401 2143 περὶ
418 2059 510 2123 θεῶν
525 2054 727 2125 ἀποστάσεσι·
752 2062 808 2123 καὶ
823 2053 895 2144 άμα
911 2055 1060 2141 ἀμαθεῖς
1083 2061 1166 2125 stola

108 2155 201 2232 οὗτοι
222 2169 283 2247 τῆς
312 2169 373 2231 τοῦ
397 2164 551 2245 ἀληθοῦς
574 2190 608 2232 τε
636 2172 694 2234 καὶ
721 2170 864 2256 ψευδοῦς
892 2169 1082 2255 διακρίσεως
1109 2163 1167 2234 διά

179 2377 203 2427 2.
231 2378 462 2447 προστεταγμένην
482 2375 512 2425 Α.
650 2377 676 2427 3.
704 2369 840 2427 ἀπόλοται
858 2377 889 2438 Α,
915 2369 1065 2428 ἀπόλλυται
1082 2373 1164 2426 BCD.

189 2455 201 2530 ΙΙ
214 2463 260 2514 καλ
277 2479 329 2513 om.
349 2458 453 2512 ABGD.
525 2459 550 2510 8.
577 2457 664 2528 μετά]
683 2459 718 2511 sio
738 2460 808 2511 sel)
826 2475 850 2512 et
869 2461 933 2513 Gale
951 2473 1011 2520 not,
1039 2460 1111 2513 κατὰ
1129 2459 1163 2512 Ο.

178 2546 202 2599 d·
230 2543 279 2615 δὴ]
296 2544 331 2597 sie
351 2545 431 2607 ABD,
459 2547 486 2598 dl
504 2545 536 2598 0.
566 2539 580 2614 ΙΙ
609 2547 706 2606 allator
724 2545 754 2598 B.
900 2549 941 2599 12.
969 2542 1103 2612 ίπεσάγεις
1129 2546 1164 2597 D.

179 2634 291 2686 12-13.
319 2628 375 2686 ἀπὸ
393 2629 619 2700 τῶν-μαντείαν
637 2653 687 2686 om.
708 2633 741 2684 0.
868 2634 910 2684 12.
936 2628 991 2685 ἀπὸ
1010 2627 1163 2697 (aulearia)

177 2719 260 2772 deesse
277 2732 364 2788 potest.
388 2717 452 2770 Gale
469 2733 522 2771 not.
665 2719 780 2770 13-14.
808 2716 841 2777 ὥς
859 2713 1161 2789 ἀρα-ἀποτελεῖσθαι]

177 2806 236 2856 haec
253 2804 280 2857 in
300 2805 372 2858 Galei
391 2802 568 2875 compilatione
586 2803 745 2856 omittuntur.
871 2805 911 2855 ld.
941 2804 1001 2874 περὶ
1019 2799 1106 2867 θεῶν]
1128 2801 1163 2854 aie

179 2889 259 2953 acl),
289 2895 348 2962 περὶ
367 2889 417 2944 τῶν
436 2892 507 2944 θεῶν
526 2890 558 2941 0.

106 3109 156 3145 nee
175 3088 289 3166 indiget,
312 3098 343 3144 ut
360 3098 390 3145 tu
408 3089 490 3159 dieis,
514 3089 615 3145 arbitro
632 3086 676 3145 vel
694 3088 798 3146 merel
816 3087 869 3145 alio
888 3090 1025 3165 quopiam,
1047 3099 1077 3144 ut
1095 3087 1164 3146 illud

105 3194 171 3254 prae
189 3173 249 3231 aliia
268 3172 375 3252 eligam,
393 3178 482 3255 ipsum
499 3178 572 3232 enim
593 3175 718 3232 omnibus
737 3173 797 3231 aliis
814 3174 896 3250 longe
913 3181 1047 3250 praestat.
1070 3187 1163 3251 super·

105 3258 227 3317 naturale
245 3280 305 3317 eum
323 3263 360 3318 sit
377 3272 405 3318 et
423 3272 560 3319 aeternum
578 3270 605 3317 et
615 3262 808 3339 praeexistens.
827 3280 878 3316 nee
891 3261 988 3335 reeipit
1000 3256 1164 3316 additionem

105 3367 139 3402 ex
157 3350 355 3424 comparatione
374 3360 419 3404 aut
437 3346 623 3409 excellentiam
640 3345 756 3421 aliquam
774 3345 808 3401 ab
827 3355 915 3413 extra,
940 3364 972 3400 eo
991 3344 1064 3419 quod
1083 3343 1163 3400 alieni

105 3453 121 3488 e
139 3431 231 3490 multis
248 3434 423 3512 praeferatur,
442 3432 491 3489 sed
509 3432 639 3489 liberatur
656 3430 690 3486 ab
709 3431 831 3487 omnibus
851 3442 878 3487 et
895 3429 1064 3486 uniformiter
1081 3431 1164 3484 omni·

104 3518 156 3574 bus
175 3520 267 3574 anteit.
317 3521 360 3574 cui
379 3529 486 3598 oportet
503 3527 531 3573 te
549 3527 577 3574 et
596 3518 718 3593 quisquis
737 3515 848 3573 deorum
865 3518 994 3593 genuinus
1007 3523 1109 3570 amator
1127 3516 1164 3570 sit

104 3624 136 3660 ae
154 3612 241 3658 totum
258 3601 377 3671 tradere;
401 3602 453 3660 bae
470 3605 541 3659 enim
559 3604 663 3659 ratione
679 3601 738 3657 sola
756 3603 904 3679 aequiritur
927 3610 955 3658 et
977 3602 1006 3657 in
1027 3602 1163 3658 vaticiniis

105 3690 205 3747 veritas
223 3688 313 3755 firma,
333 3685 366 3743 'et
382 3691 410 3744 io
429 3690 515 3744 anima
533 3690 621 3744 virtus
638 3687 770 3766 perfeeta;
793 3687 890 3764 quibus
913 3705 978 3743 sane
1000 3685 1105 3744 duobus
1122 3707 1165 3744 aa·

105 3775 204 3833 eerdoa
223 3773 257 3831 ad
275 3776 364 3851 ignem
376 3775 498 3832 aseendit
508 3773 712 3851 intelligibilem,
731 3773 804 3850 qnod
816 3771 924 3848 quidem
937 3782 1071 3849 tamquam
1081 3773 1163 3830 linem

105 3872 163 3918 tum
180 3862 309 3919 vaticinio
327 3870 387 3916 tum·
402 3863 486 3918 saeris
505 3860 705 3937 operationibus
723 3858 846 3914 omnibus
864 3868 973 3937 oportet
983 3878 1144 3937 proponere.

177 3946 287 4004 Frustra
306 3949 387 4024 igitur
404 3945 540 4004 adduxisti
562 3946 700 4003 atheornm
718 3946 885 4022 opinionem,
909 3947 956 4022 qni
975 3963 1053 4002 omne
1069 3946 1163 4001 vatiel-

110 4035 184 4090 nium
202 4055 217 4088 a
235 4032 306 4090 malo
325 4032 455 4091 daemone
472 4032 568 4112 perfici
586 4031 759 4099 arbitrantur3
779 4051 839 4090 oum
857 4030 931 4088 nelas
943 4033 981 4088 sit
992 4033 1105 4088 istorum
1117 4027 1162 4086 vel

106 4122 242 4176 minimam
259 4120 422 4175 mentionem
444 4118 532 4176 faeere
554 4120 583 4174 in
605 4118 773 4175 sermonibus
791 4117 826 4175 de
844 4118 905 4175 diis.
953 4119 1098 4194 quinetiam
1114 4118 1168 4175 im.

106 4208 188 4282 periti
207 4214 270 4262 sunt
288 4205 321 4261 ad
340 4224 434 4262 verum
451 4227 465 4260 a
484 4203 551 4262 falso
571 4204 814 4273 internoscendum,
836 4207 960 4281 quoniam
978 4203 1016 4258 ab
1029 4202 1106 4257 initio
1122 4211 1162 4258 te·

955 4306 1008 4362 12*
