2776 4876
211 320 284 386 aas
1217 327 1267 399 εει

211 480 325 560 μενων,
349 472 430 542 ὥστε
453 483 488 541 ἐκ
511 473 647 568 φαύλων
670 479 853 556 σπουδαίας
874 476 1133 565 ἀπεργάζεσθαι,
1156 479 1267 548 πάντα

212 582 253 668 δὴ
276 590 382 652 ταῦτα
405 585 531 667 ἔξωθεν
553 584 613 669 τὴν
636 595 809 655 ἐπίπνοιαν
838 593 1017 674 γίγνεσθαι
1039 593 1264 676 διασημαίνει·

177 695 272 786 3χρη
295 701 330 765 δὲ
353 695 392 764 οὐ
414 701 514 765 τούτο
536 696 643 785 μόνον
664 698 919 786 προλαμβάνειν,
942 698 1028 768 ἀλλά
1050 706 1107 769 καὶ
1129 706 1179 780 τίς
1194 708 1267 770 ἐπί-

210 833 310 876 πνοια
333 813 415 876 θεία
436 815 688 898 παραγενομένη
715 808 776 892 τὴν
798 815 900 878 θείαν
929 810 1090 897 μαντικὴν
1120 812 1267 901 ἀπεργά-

211 921 299 999 ζεται
313 923 441 998 τελείως
457 920 698 1012 ἀφορίζεσθαι·
722 925 798 990 εἰδὲ
813 920 869 1007 μή,
885 921 925 989 οὐ
937 920 1099 1012 πρότερον
1113 923 1266 1011 ἐσόμεθα

177 1036 406 1116 ἐγνωμονικοὶ
429 1031 558 1115 ταύτης,
587 1032 647 1101 ἐάν
675 1031 721 1120 μὴ
744 1031 783 1102 τό
806 1041 926 1100 οίκεῖον
949 1032 998 1099 ἐπ’
1019 1033 1101 1126 αὐτῇ
1129 1047 1265 1124 σημεῖον

211 1140 453 1230 ἐπιβάλλοντες,
475 1143 559 1211 ’ίδιον
582 1143 666 1237 αὐτῇ
688 1143 855 1235 γνώρισμα
878 1144 1036 1235 καθάπερ
1058 1145 1133 1214 τινά
1155 1172 1265 1239 σφρα-

210 1256 287 1339 γῖδα
310 1253 603 1344 προσαρμόσωμεν.

176 1380 191 1430 9
298 1367 371 1432 Καὶ
393 1370 491 1434 τούτο
514 1371 574 1453 μὲν
597 1367 712 1453 ὀλίγον
734 1372 926 1456 ἔμπροσθεν
941 1370 1021 1455 ἡμῖν
1035 1372 1263 1457 διηκρίβωται·

211 1472 230 1543 ὃ
253 1478 288 1543 δέ
311 1483 491 1563 προτείνας
506 1478 549 1556 ὡς
563 1478 716 1566 οὐδαμῶς
730 1478 922 1566 ἀπόβλητον
938 1479 976 1549 τό
992 1479 1265 1573 ἀναγεννητικούς
1281 1483 1322 1544 28

210 1587 293 1656 εἶναι
314 1592 380 1656 τῶν
402 1592 585 1678 δραστικῶν
608 1589 756 1671 είδόλων,
779 1591 994 1680 θαυμάσαιμ’
1015 1587 1058 1659 ἀν
1074 1591 1103 1658 εί
1116 1617 1164 1670 τις
1180 1590 1264 1659 ἀπο-

158 1712 192 1761 12
210 1699 338 1781 δέξαιτο
352 1704 418 1769 τῶν
433 1698 475 1769 τά
490 1697 641 1784 ἀληθινά
653 1703 722 1785 είδη
734 1706 799 1769 τῶν
810 1707 903 1770 θεῶν
914 1701 1132 1790 θεωρούντων
1143 1705 1265 1791 θεουρ-

209 1815 283 1896 γῶν.
321 1810 375 1879 διά
399 1818 430 1880 τί
452 1809 517 1903 γάρ
540 1809 583 1880 ἀν
598 1839 647 1891 τις
662 1814 780 1881 είδωλα
795 1813 871 1882 ἀντὶ
885 1817 951 1882 τῶν
966 1811 1069 1891 ὅντως
1084 1810 1190 1881 όντων
1205 1811 1264 1880 ἀν-

208 1919 426 2006 ταλλάξαιτο,
455 1928 511 1992 καὶ
533 1921 600 1992 ἀπὸ
630 1928 696 1993 τῶν
723 1930 914 2012 πρωτίστων
936 1930 989 1992 ἐπὶ
1011 1920 1054 1991 τά
1076 1928 1199 2012 ἔσχατα
1222 1920 1265 1991 ἀν

157 2053 190 2102 15
209 2033 426 2122 ἀπενεχθείη,·
456 2031 477 2116 ἢ
501 2034 560 2102 οὐκ
582 2035 677 2122 ίσμεν
699 2036 742 2114 ὡς
764 2035 875 2103 πάντα
905 2036 1058 2125 ἀμυδρῶς
1087 2039 1157 2103 ἐστὶ
1178 2031 1264 2101 κατά

208 2143 269 2228 τὴν
292 2144 447 2227 τοιαύτην
470 2151 704 2238 σκιαγραφίαν,
727 2153 783 2213 καὶ
806 2142 880 2215 ούτε
896 2146 1016 2229 ἀληθῆ
1037 2144 1264 2239 φαντάσματά

208 2264 278 2325 ἐστι
292 2261 351 2324 τοῦ
366 2256 529 2338 ἀληθοῦς,
551 2260 608 2323 καὶ
623 2254 664 2323 τά
679 2255 802 2344 ἀγαθά
817 2260 980 2325 δοκοῦντα
995 2262 1159 2349 φαίνεται,
1182 2253 1264 2324 όντα

158 2383 191 2433 18
209 2371 243 2436 δέ
267 2368 437 2454 οὐδέποτες
459 2373 516 2439 καὶ
527 2365 569 2435 τά
585 2365 671 2436 ἀλλα
686 2366 841 2446 ὡσαύτως
855 2375 890 2435 ἐν
907 2372 951 2454 τῷ
966 2371 1146 2454 γίγνεσθαι
1159 2375 1263 2434 ἐπεισ-

279 2586 304 2635 d.
332 2581 414 2650 θεία]
431 2583 469 2635 ‘sic
488 2583 567 2647 acb,
595 2586 677 2643 θείως
696 2585 728 2636 0.
802 2587 826 2636 7.
854 2578 1019 2651 ἐπιβαλόντες
1038 2585 1059 2633 Α
1080 2584 1139 2648 Reg.
1163 2576 1175 2651 ΙΙ
1196 2583 1263 2634 ίδιον

280 2667 364 2744 αὐτῇ]
384 2671 419 2720 sic
438 2673 468 2736 A,
497 2666 567 2741 αὖτῇ
581 2672 648 2723 ἴδιον
666 2670 700 2722 0.
780 2671 821 2721 11.
848 2660 916 2724 εἶναι
933 2688 962 2720 ex
975 2667 1056 2719 Ficini
1076 2667 1186 2720 versione
1205 2668 1261 2720 add.

279 2757 342 2809 Gale
359 2770 412 2808 nor.
516 2758 557 2808 12.
586 2754 741 2827 θεωρόντων
760 2754 788 2807 C.
891 2757 932 2807 16.
962 2750 1040 2822 οὔτε]
1065 2754 1101 2806 sic
1119 2754 1183 2806 Gale
1201 2767 1262 2818 not,

278 2840 339 2898 τότε
358 2843 417 2906 ΑΙ),
443 2843 525 2895 τότε
545 2843 578 2894 0.

209 3074 282 3120 certe
304 3066 392 3120 omnia
414 3064 565 3141 significant
588 3063 705 3120 afflatum
727 3065 820 3119 venire
843 3063 956 3120 aliunde.
1003 3063 1075 3140 quod
1097 3066 1186 3139 ipsum
1208 3081 1261 3116 non

208 3159 310 3206 tantum
328 3160 436 3227 oportet
451 3170 635 3229 praesumere,
659 3148 708 3206 sed
727 3152 806 3206 etiam
823 3149 942 3228 perfecte
959 3150 1071 3206 definire
1094 3167 1162 3224 quae
1179 3148 1262 3223 inspi-

208 3237 276 3290 ratio
295 3257 310 3290 a
328 3235 379 3293 diis
398 3240 480 3294 missa
498 3239 652 3294 vaticinium
664 3235 784 3292 divinum
795 3238 931 3314 perficiat;
950 3238 992 3291 sin
1004 3236 1100 3300 minuc
1119 3252 1173 3287 uon
1185 3233 1260 3309 prius

207 3321 277 3378 bane
294 3325 441 3400 poterimus
460 3323 587 3380 distincte
604 3342 775 3399 cognoscere,
799 3344 878 3400 quam
895 3325 953 3379 eius
971 3321 1110 3398 proprium
1128 3321 1153 3374 ei
1171 3317 1263 3373 chara·

208 3418 308 3465 eterem
326 3409 523 3478 adscribentes,
540 3411 680 3487 proprium
699 3411 724 3464 ei
746 3410 873 3467 indicium
891 3419 1024 3483 tamquam
1042 3402 1159 3480 sigillum
1182 3401 1261 3478 adap·

207 3505 302 3551 temus.
1170 3512 1175 3523 ·

278 3578 310 3635 ld
328 3579 435 3655 quidem
453 3602 468 3635 a
486 3581 564 3637 nobis
582 3580 663 3658 paulo
674 3584 750 3658 prius
762 3591 885 3638 accurate
896 3579 993 3636 iactum
1005 3587 1054 3634 est.
1101 3594 1162 3632 ease
1173 3582 1261 3630 autem
1278 3577 1318 3638 28

207 3665 325 3722 artifices
343 3663 476 3721 idolorum
493 3665 649 3736 efficacium,
668 3688 683 3722 a
700 3677 728 3724 te
745 3668 906 3744 proponitur
923 3675 1056 3741 tamquam
1073 3681 1126 3718 uon
1145 3670 1261 3718 contem-

208 3751 326 3808 nendum
345 3770 439 3806 causae
451 3760 512 3806 tuae
524 3753 726 3810 firmamentum.
771 3754 883 3808 mirarer
894 3761 982 3807 autem
994 3771 1050 3828 ego,
1070 3751 1094 3805 si
1106 3746 1260 3805 sacerdotes

207 3858 285 3895 veras
304 3838 415 3894 deorum
433 3840 537 3914 speeies
554 3838 729 3916 contemplari
746 3836 820 3894 soliti
832 3835 904 3893 idola
920 3838 1007 3913 magni
1018 3834 1142 3892 facerent.
1179 3851 1261 3909 quare

208 3926 280 3981 enim
296 3944 360 3981 vera
377 3943 428 4000 pro
447 3922 528 3979 idolis
540 3925 600 3981 istis
612 3922 709 4000 aliquis
721 3932 904 3992 commutaret,
923 3933 950 3978 et
961 3944 976 3978 a
987 3925 1082 4001 primis
1095 3919 1183 3978 delabi
1194 3916 1261 3975 velit

208 4011 241 4067 ad
260 4010 367 4066 infima?
395 4011 456 4085 quis
474 4011 561 4066 nescit
580 4008 652 4085 quod
670 4012 758 4066 omnia
776 4008 820 4065 bic
838 4011 893 4066 sint
905 4009 1018 4066 obscure
1030 4009 1191 4075 adumbrata,
1210 4025 1260 4061 nec

208 4099 267 4153 reri
284 4096 351 4152 fiant
361 4116 425 4152 vera
436 4093 629 4173 phantasmata,
648 4105 676 4152 et
686 4096 756 4152 bona
769 4107 913 4175 appareant
924 4107 1034 4166 tautum,
1052 4096 1161 4153 minime
1172 4102 1260 4148 antem

211 4183 282 4239 siut?
311 4184 374 4259 quin
393 4193 420 4238 et
438 4185 525 4240 omnia
544 4202 612 4259 quae
630 4181 681 4240 boc
699 4183 779 4240 modo
797 4184 873 4252 fiunt,
895 4183 957 4240 dum
974 4184 1054 4249 fiunt,
1075 4180 1125 4238 sub
1144 4181 1205 4256 ipso
1223 4181 1261 4236 in-
