2776 4876
130 359 202 422 &26
1135 361 1189 417 163

131 516 191 580 τοῦ
212 507 339 589 παντὸς
360 515 416 578 καὶ
432 507 617 596 δυνάμεσιν,
639 509 662 594 ἢ
677 513 821 580 διάτονα
837 512 1029 595 αἰσθήσεως
1044 513 1187 598 ὀξύτητα

130 625 456 712 προαισθανομένων
478 627 543 688 τῶν
565 628 639 712 περὶ
654 620 714 692 τὸν
730 624 814 714 ἀέρα
829 629 889 710 μέν
904 622 968 708 ἤδη
984 625 1187 710 συμπιπτόν-

94 757 109 808 3
129 760 194 802 των
216 730 428 824 πραγμάτων,
452 732 578 801 οὐδέπω
601 738 635 802 δὲ
658 748 727 814 τοῖς
749 742 823 826 περὶ
846 741 910 822 γῆν
932 735 1046 815 τόποις
1061 758 1185 828 συμφε-

129 851 287 935 ρομὲνων.

217 960 262 1025 Et
284 953 325 1040 δῇ
348 960 453 1025 ταῦτα
476 957 594 1040 ἀληθῆ
616 961 760 1045 λέγομεν,
784 959 824 1026 οὐ
846 963 904 1042 δεῖ,
926 962 956 1028 εί
972 985 1046 1028 τινα
1065 967 1100 1026 ἐκ
1123 960 1186 1052 φύ-

95 1099 111 1150 6
130 1092 211 1148 σεως
233 1065 391 1156 ἐπιβολὴν
414 1077 459 1146 είς
472 1065 515 1135 τοί
530 1068 612 1136 ὄντα
627 1069 879 1161 παρειλήφαμεν
894 1067 917 1154 ἢ
930 1077 991 1139 τοῦ
1008 1075 1187 1157 μέλλοντος

130 1177 275 1272 ἐπαφήν,
295 1185 453 1268 ἐγκρίνειν
474 1177 599 1262 ταύτην
622 1181 665 1261 ὡς
685 1177 847 1268 μαντικὴν
868 1180 1072 1271 πρόγνωσιν·
1107 1181 1181 1249 ἀλλ’

130 1291 233 1379 ὁμοία
254 1297 316 1378 μέν
337 1299 406 1360 ἐστι
428 1296 578 1386 μαντικῇ,
601 1290 687 1375 πλὴν
710 1293 804 1361 οὐδὲν
827 1293 912 1387 αύτῇ
931 1287 1186 1379 βεβαιότητοςῇ

95 1402 299 1485 ςάληθείας
321 1403 550 1471 ἀπολείπεται·
581 1399 620 1469 τὸ
643 1403 671 1470 δ’
691 1403 735 1482 ὡς
762 1409 815 1473 ἐπί
844 1402 882 1472 τὸ
912 1401 997 1472 πολὺ
1023 1403 1186 1493 τυγχάνον

130 1513 189 1582 οὐκ
211 1515 264 1582 ἀεί
286 1522 370 1584 εστι·
394 1518 450 1582 καί
474 1519 528 1581 έπί
550 1539 648 1582 τινων
662 1521 730 1599 μέν,
754 1515 827 1603 οὐχί
842 1515 873 1582 δ’
889 1521 943 1584 ἐπὶ
957 1516 1090 1584 ποίντων
1107 1516 1186 1598 ἀλη-

130 1629 193 1705 θές
213 1628 340 1715 ίροῦσι·
370 1623 456 1693 ὅθεν
485 1622 526 1708 δὴ
557 1625 627 1692 οὐδ’
647 1626 677 1692 εί
697 1630 747 1702 τίς
775 1633 863 1693 ἐστιν
885 1634 920 1695 ὲν
948 1638 1022 1703 ταῖς
1050 1632 1186 1715 τέχναις,

78 1761 113 1811 12
130 1733 238 1822 ὥσπερ
266 1745 301 1805 ἐν·
328 1739 542 1830 κυβερνητικῇ
569 1762 604 1805 τε
632 1740 689 1806 καί
718 1742 846 1829 ἰατρικῇ
881 1742 1117 1826 προσκοπούσα
1147 1734 1185 1804 τὸ

130 1851 252 1934 μέλλον
274 1847 436 1934 μάθησις,
462 1848 557 1917 οὐδὲν
579 1845 736 1935 προσήκει
757 1851 798 1941 τῇ
818 1851 902 1934 θεία
924 1846 1122 1938 προγνώσει·
1152 1847 1186 1929 ἐξ

132 1957 264 2028 είκότων
296 1955 361 2048 γὰρ
390 1959 620 2045 ἀναλογίζεται
648 1954 687 2026 τὸ
715 1961 837 2043 μέλλον
865 1963 921 2027 καί
944 1963 1091 2044 σημείοις
1118 1963 1187 2026 τισί

79 2090 112 2140 15
130 2076 361 2160 τεκμηριούται
383 2075 440 2138 καὶ
462 2070 592 2148 τούτοις
620 2069 680 2137 ούκ
703 2069 755 2137 ἀεὶ
783 2083 915 2148 πιστοῖς
942 2070 1012 2137 οὐδ’
1032 2067 1187 2148 ὡσαύτως

131 2187 376 2272 συνηρτημένον
390 2185 500 2270 έχουσι
514 2177 553 2248 τὸ
569 2179 779 2266 δηλούμενον,
803 2173 904 2271 οὗπέρ
920 2188 989 2249 ἐστι
1003 2177 1045 2247 τοί
1066 2190 1186 2267 σημεῖα

131 2293 300 2379 δείγματα.
342 2297 401 2376 τῆς
423 2296 457 2360 δὲ
480 2295 581 2369 θείας
602 2294 763 2380 προνοίας
783 2295 849 2359 τῶν
872 2297 1035 2378 ἐσομένων
1049 2293 1187 2379 βέβαιος

201 2479 224 2529 1.
251 2476 328 2546 τινα]
351 2477 386 2530 εῖτ
407 2477 460 2541 Ac,
487 2497 558 2536 τινος
577 2477 610 2529 0.
643 2473 657 2544 ΙΙ
689 2473 823 2546 ὀξύτητα]
842 2477 877 2528 εἰσ
898 2476 982 2540 ΑΟΙ),
1010 2471 1132 2535 ὀξύτατα
1150 2477 1184 2530 0.

201 2565 226 2616 3.
255 2559 356 2618 οὐδέπω
375 2562 417 2631 δὲ]
441 2562 476 2615 ric
497 2563 553 2627 AD,
581 2557 707 2618 οὖδίποτε
732 2564 765 2617 0.
903 2564 928 2616 8.
954 2564 1083 2633 μαντικῆς
1101 2560 1185 2629 (corr.

198 2646 329 2719 μαντικὴ)
355 2650 387 2703 Β.
425 2644 439 2719 ΙΙ
477 2647 547 2720 αὕτη
578 2649 634 2702 ΑΙ).
797 2652 838 2703 10.
865 2645 936 2715 ἐστι]
964 2648 999 2701 ric
1017 2649 1070 2714 Reg
1106 2651 1134 2702 δὲ
1151 2649 1185 2703 0.

200 2737 305 2790 10.11.
341 2731 441 2806 ἀληθὲς
467 2735 552 2788 addidi
580 2756 594 2788 e
621 2735 707 2802 Regio.
857 2739 899 2789 11.
926 2733 1030 2805 ίροῖισι]
1058 2733 1093 2786 ric
1115 2735 1186 2801 Rep,

199 2819 299 2894 ίροῖσα
328 2841 413 2888 margo
434 2821 469 2886 B,
505 2821 621 2894 αίροῐισα
643 2822 677 2874 0.
847 2825 891 2875 12.
926 2821 1132 2894 προσκοποῦσαι
1150 2821 1185 2874 D.

202 2910 243 2960 15.
271 2905 460 2980 τεχμηριοῦτοιι
478 2909 513 2963 0.

129 3103 244 3162 futurum
261 3105 443 3177 molientibus,
467 3108 512 3167 vel
529 3117 641 3187 propter
658 3127 755 3164 senene
773 3127 884 3164 acumen
901 3127 951 3184 per
969 3104 1042 3181 quod
1059 3124 1185 3182 praesen·

129 3193 196 3248 tiant
215 3193 344 3268 quaedam
361 3215 428 3272 qnae
446 3198 474 3252 in
493 3200 556 3251 aiere
574 3195 650 3263 finnt,
669 3215 731 3250 cum
749 3192 867 3250 nondum
884 3191 919 3249 ad
930 3201 1029 3247 terram
1040 3192 1187 3268 appropin-

128 3279 274 3353 qnarerint.

199 3363 271 3423 Haec
290 3369 315 3423 si
333 3388 397 3425 vere
416 3366 487 3424 dicta
506 3376 577 3433 eunt,
596 3376 653 3422 tum
671 3366 695 3422 si
707 3385 786 3441 qnam
798 3386 813 3419 a
825 3373 918 3420 natura
930 3361 965 3418 ad
978 3381 1022 3418 rer
1034 3363 1185 3418 coniectan-

129 3449 176 3506 dae
194 3449 330 3509 hausimus
349 3455 521 3529 sagacitatem
538 3461 584 3507 aut
606 3450 755 3507 futurorum
776 3451 991 3528 perceptionem,
1016 3465 1070 3502 non
1094 3447 1185 3502 rtatim

126 3536 196 3593 hanc
215 3558 275 3594 esee
292 3540 348 3594 vim
366 3537 551 3596 divinatricem
569 3536 689 3594 iudicare
712 3545 828 3614 oportet.
875 3533 957 3589 habet
981 3531 1051 3588 sorte
1069 3529 1185 3608 aliquam

127 3621 329 3679 similitudinem
347 3644 407 3679 cum
425 3645 456 3680 ea
474 3626 671 3692 vaticinatione,
690 3625 743 3679 nini
761 3619 834 3698 qnod
846 3618 990 3697 plurimum
1009 3617 1102 3675 deficit
1114 3639 1128 3674 ι
1140 3616 1185 3674 iir-

126 3706 257 3764 mitudine
274 3710 408 3777 veritatie;
427 3708 500 3787 qnod
519 3719 605 3766 autem
624 3706 879 3786 cumplurimum,
898 3726 952 3761 non
964 3724 1071 3784 semper
1082 3714 1139 3771 eet3
1158 3714 1185 3761 et

126 3797 155 3850 in
173 3793 341 3870 quibusdam,
360 3814 414 3850 non
432 3804 521 3851 tamen
539 3796 567 3851 in
579 3796 703 3852 omnibus
715 3814 778 3851 vera
790 3794 974 3870 pronunciant
1019 3790 1091 3848 unde
1101 3809 1184 3869 porro

126 3881 151 3937 ei
169 3901 221 3956 qna
239 3882 322 3936 sitin
340 3880 450 3947 artibus,
468 3890 533 3958 pnta
551 3883 656 3937 nautica
674 3889 720 3935 aut
737 3878 841 3935 medica
853 3877 934 3935 sntnri
953 3877 1132 3955 cognoscendi
1145 3876 1184 3932 di·

127 3966 253 4044 sciplina,
278 3966 345 4024 nihil
363 3965 409 4024 illa
429 3966 537 4044 quidem
559 3986 620 4021 cnm
643 3964 733 4021 divina
755 3965 972 4042 praecognitione
993 3965 1183 4028 communicen

126 4052 243 4109 intutum
261 4056 332 4110 enim
350 4050 585 4130 exprobabilibus
604 4049 709 4126 colligit
731 4060 758 4105 et
781 4071 815 4108 ex
832 4051 917 4127 eignie
940 4049 1099 4127 quibusdam
1122 4067 1184 4104 con·

126 4141 193 4207 iicit,
211 4159 267 4195 non
284 4142 356 4196 veris
375 4158 482 4217 semper
499 4158 550 4194 nec
569 4135 662 4192 eodem
678 4136 758 4193 modo
777 4136 806 4193 id
824 4139 899 4194 cuiun
918 4139 1073 4210 eunteigna
1092 4153 1184 4190 recum

127 4244 275 4285 connexum
293 4225 461 4284 habentibus.
507 4223 614 4282 divinae
631 4242 697 4282 vero
720 4221 906 4300 providentiae
930 4221 1078 4278 futurorum
1100 4222 1184 4278 anteit

964 4325 1018 4382 11*
