2776 4876
214 360 312 424 1⁰‚78
1214 361 1269 418 2⁹³

300 513 395 582 Αάτό
419 519 454 583 δὲ
477 515 635 601 τάγαθὸν
657 513 695 584 τό
722 521 781 604 μὲν
803 522 902 585 θεῖον
924 516 1084 603 ἡγοῦνται
1105 515 1164 585 τόν
1185 543 1267 608 προ·
1286 531 1304 592 7

213 626 428 713 εννοοόμενον
456 625 557 709 θεόν,
586 625 625 696 τό
655 632 690 696 δὲ
718 626 936 718 ἀνθρώπινον
963 624 1024 711 τὴν
1051 624 1135 716 πρὸς
1164 627 1267 698 αὐτόν

177 755 192 806 3
215 745 337 819 ἕνωσιν,
367 735 448 828 ὅπερ
470 741 573 818 Βίτος
595 747 631 806 ἐκ
652 743 719 808 τῶν
735 739 921 828 Ἕρμαίκῶν
941 743 1069 826 βίβλων
1088 738 1266 829 μεθηρμό-

211 872 332 917 νεοσεν.
379 850 438 918 οὐκ
459 847 527 939 όίρα
548 860 704 942 παρεῖται
730 854 828 918 τοῦτο
856 846 895 917 τὸ
924 857 1024 941 μέρος
1045 864 1115 929 τοῖς
1136 854 1265 939 Αὶμνπ-

212 964 309 1042 τίοις,
338 957 357 1027 ἀ
382 956 422 1028 oa)
444 960 611 1044 ὑπονοεῖς,
639 958 726 1031 ἀλλά
749 965 945 1051 θεοπρεπῶς
966 963 1159 1054 παρεδόθη·
1191 963 1266 1032 οὐδὲ

177 1077 285 1160 οπερὶ
313 1077 457 1162 σμικρῶν
486 1080 518 1141 οἱ
548 1078 707 1164 θεονργοὶ
735 1069 794 1141 τόν
822 1077 922 1141 θεῖον
954 1077 1034 1143 νοῦν
1068 1077 1264 1162 ὲνοχλοῶσιν,

210 1178 297 1250 ἀλλά
319 1188 393 1272 περὶ
415 1187 481 1250 ’τῶν
504 1192 548 1264 είς
569 1189 679 1275 ψυχῆς
700 1185 871 1272 κάθαρσιν
887 1188 943 1251 καὶ
957 1183 1119 1253 ἀπόλυσιν
1132 1190 1189 1254 καὶ
1204 1209 1265 1254 σω-

210 1298 327 1383 τηρίαν
350 1293 555 1376 ἀνηκόντων·
579 1297 653 1365 οὐδὲ
672 1296 804 1385 χαλεπά
826 1301 886 1384 μὲν
909 1299 1141 1383 διαμελετῶσιν
1163 1291 1263 1378 οὗτοι,

176 1425 192 1476 9
211 1403 360 1494 ἀχρηστα
383 1409 417 1474 δὲ
432 1415 502 1485 τοῖς
524 1405 726 1495 ἀνθρώποις,
749 1404 835 1475 ἀλλά
856 1407 1052 1477 τούναντίον
1066 1409 1108 1475 τά
1122 1413 1162 1501 τῇ
1177 1414 1264 1502 ψυχῇ

209 1514 343 1584 πόντων
366 1516 617 1610 ὠφελιμώτατα·
641 1519 712 1587 οὐδ’
729 1517 795 1588 ὑπὸ
817 1517 945 1594 πλοίνον
966 1517 1057 1599 τινὸς
1075 1523 1264 1614 φενακίζον-

209 1653 265 1694 ται
280 1631 452 1715 Ιδαίμονος
482 1636 513 1697 ol
543 1637 578 1697 ὲν
599 1635 683 1698 πᾶσι
711 1627 772 1713 τὴν
800 1627 975 1714 ἀπατηλνὶν
1003 1635 1059 1700 καὶ
1086 1634 1264 1719 δαιμονίαν

158 1759 191 1809 12
210 1736 311 1830 φύσιν
333 1739 616 1830 ἐπικρατήσαντες,
638 1746 691 1810 ἐπὶ
707 1745 741 1810 δὲ
755 1739 818 1826 την
832 1739 956 1825 νοητὴν
971 1746 1028 1812 καὶ
1043 1746 1145 1811 θείαν
1160 1742 1263 1829 ἀναχ-

209 1854 335 1930 θέντες.

302 1960 459 2031 Τοσαῦτοί
482 1986 536 2032 σοι
557 1964 639 2030 καθ’
660 1963 824 2054 ἡμετέραν
845 1967 986 2051 δύναμιν
1007 1963 1299 2054 ἀπεκρινάμεθαθ

158 2090 190 2142 15
208 2081 281 2163 περὶ
305 2069 349 2143 ῶν
372 2073 545 2164 η’πόρησας
567 2080 641 2165 περὶ
662 2081 722 2158 τῆς
736 2079 836 2154 θείας
849 2080 1008 2162 μαντικῆς
1022 2102 1057 2143 τε
1072 2080 1128 2144 καὶ
1143 2080 1262 2166 θεονρ-

207 2192 290 2273 μίας.
326 2184 462 2274 εὔχομαι
484 2184 524 2266 ὃν)
549 2179 609 2252 οὖν
632 2181 669 2253 τὸ
693 2183 809 2253 λοιπόν
831 2198 901 2266 τοῖς
923 2190 1020 2266 θεοῖς
1042 2193 1095 2255 ἐπὶ
1117 2194 1163 2273 τῷ
1178 2191 1262 2255 τέλει

207 2302 273 2366 τῶν
295 2297 412 2382 λόγων,
434 2299 499 2366 ’τῶν
522 2296 663 2379 ἀληθῶν
685 2295 861 2383 νοημάτων
885 2303 958 2384 ἐμοί
980 2323 1014 2365 τε
1036 2303 1092 2366 καὶ
1107 2304 1160 2367 σοὶ
1175 2325 1260 2388 παρ-

278 2551 303 2601 2.
331 2551 357 2601 δὲ
381 2569 430 2599 orn.
449 2548 483 2601 l).
649 2549 673 2600 3.
700 2544 798 2613 Βίτυς]
826 2547 905 2620 Bytis,
924 2545 1033 2600 Ficinus
1062 2542 1076 2616 ΙΙ
1104 2549 1207 2613 βιβλίων
1224 2548 1259 2601 Ι).

278 2637 303 2687 4.
331 2632 470 2706 παρεῖται]
489 2639 611 2704 προεῖται
628 2633 662 2686 D.
771 2638 796 2687 7.
822 2633 909 2703 ψυχὴν
926 2633 960 2686 Ι).
1068 2636 1163 2686 toli.
1193 2653 1259 2703 φαε-

277 2723 431 2784 νααίζονται
456 2721 488 2772 A.
582 2722 623 2773 11.
652 2725 678 2774 ot
699 2719 739 2787 ίν]
759 2721 794 2774 sic
812 2719 870 2783 AC,
890 2721 967 2772 oto.
1076 2721 1188 2773 12-13.
1217 2721 1260 2774 tut

278 2804 480 2874 -ἀνοιχθίντες
498 2807 594 2861 om.B.
666 2808 761 2863 1213.
789 2802 973 2874 ἀνενεχθέντες
991 2806 1072 2861 Act).
1144 2809 1186 2860 15.
1214 2803 1258 2871 τε]

276 2895 311 2946 sic
328 2897 359 2958 A,
386 2896 433 2961 τῆς
450 2894 485 2959 D,
512 2915 562 2946 om.
582 2894 615 2947 0.

278 3117 368 3195 lpsum
385 3126 473 3173 autem
490 3118 589 3173 bonum
607 3117 726 3174 divinum
748 3125 859 3173 censent
883 3135 944 3171 esse
966 3114 1046 3170 deum
1068 3124 1129 3170 aute
1153 3118 1295 3176 omuem‘l

207 3203 379 3271 intellectum,
398 3205 497 3259 bonum
514 3215 602 3260 autem
619 3202 762 3258 humanum
780 3223 840 3259 cum
858 3201 909 3257 deo
928 3202 1065 3266 unionem;
1088 3211 1115 3256 et
1132 3200 1184 3257 lroc
1202 3203 1259 3276 qui·

207 3291 268 3347 dem
285 3290 364 3366 Bitys
383 3311 416 3347 ex
433 3293 543 3368 scriptis
561 3289 694 3345 Hermetis
713 3291 903 3366 interpretatus
917 3297 966 3342 est.
1011 3306 1066 3344 uon
1078 3288 1166 3362 igitur,
1185 3287 1258 3363 quod

207 3388 236 3433 tu
254 3376 398 3433 arbitratus
417 3398 454 3445 es,
473 3378 606 3431 omittitur
622 3375 689 3430 haec
707 3396 770 3452 pars
789 3376 821 3430 ab
843 3374 989 3451 Aegyptiis,
1009 3374 1057 3430 sed
1076 3372 1167 3430 divino
1178 3372 1258 3450 plane

207 3462 286 3519 modo
305 3463 383 3517 uobis
402 3463 500 3518 tradita
518 3472 567 3518 est.
613 3482 662 3517 nco
681 3460 715 3516 de
735 3461 815 3518 rebus
838 3463 940 3536 exiguis
963 3460 1117 3516 sacerdotes
1139 3458 1258 3515 divinam

206 3558 321 3604 mentem
339 3545 518 3625 interpellant,
536 3546 586 3603 scd
603 3546 637 3602 de
654 3548 688 3602 iis
707 3548 787 3604 rebus
806 3568 875 3624 quae
891 3555 1015 3624 spectant
1032 3544 1066 3600 ad
1083 3546 1184 3600 animae
1195 3565 1258 3622 pur·

205 3636 338 3711 gationem
356 3634 517 3690 solutionem
534 3631 653 3689 salutem
699 3633 748 3689 sed
769 3652 856 3709 neque
878 3632 997 3689 difficilia
1018 3632 1065 3687 isti
1086 3630 1256 3699 meditantur,

205 3720 411 3796 hominibusque
428 3722 536 3776 interim
553 3719 671 3786 inutilia,
693 3719 742 3776 sed
764 3729 856 3776 contra
880 3739 923 3774 res
946 3720 1048 3776 animae
1069 3720 1186 3773 omnium
1207 3720 1257 3774 uti·

206 3807 329 3863 lissimas.
374 3827 461 3882 neque
484 3804 600 3861 subdolo
623 3815 650 3862 et
672 3805 814 3862 seductore
836 3804 927 3882 aliquo
948 3804 1078 3860 daemone
1099 3807 1128 3861 in
1151 3825 1255 3861 errores

204 3892 376 3971 impelluntur
394 3894 441 3968 qui
459 3892 581 3947 omuibus
601 3894 629 3946 in
646 3892 725 3947 rebus
744 3890 866 3947 fallacem
882 3891 1117 3968 daemonicamqne
1135 3901 1255 3947 naturam

205 3979 281 4056 longe
300 3979 439 4046 excedunt,
459 3978 537 4034 etad
556 3976 750 4053 intelligibilem
768 3976 939 4054 divinamque
956 3978 1111 4036 ascendunt.

273 4065 363 4141 Atque
380 4065 446 4120 haec
464 4064 513 4120 tibi
531 4064 717 4142 respondimus
736 4064 770 4120 ad
788 4084 818 4120 ea
842 4084 910 4141 quae
934 4067 1090 4141 quaesivisti
1113 4083 1194 4141 super
1216 4063 1254 4120 di·
1271 4065 1290 4125 8

204 4154 265 4208 vina
282 4152 471 4209 vaticinatione
490 4160 517 4206 et
534 4149 665 4228 theurgia:
685 4150 757 4226 quod
776 4149 907 4227 reliquum
925 4161 967 4207 est
985 4154 1013 4207 iu
1032 4151 1104 4207 calce
1122 4152 1253 4206 sermonis

205 4237 271 4295 deos
289 4257 459 4316 comprecor,
484 4236 549 4294 mihi
567 4237 669 4316 tibique
692 4237 755 4296 dare
778 4236 863 4295 velint
884 4248 914 4295 ut
936 4237 1049 4294 firmiter
1072 4235 1253 4294 custodiamus
