<?xml version="1.0" encoding="UTF-8"?>
<!DOCTYPE html PUBLIC "-//W3C//DTD XHTML 1.0 Transitional//EN"
    "http://www.w3.org/TR/xhtml1/DTD/xhtml1-transitional.dtd">
<html xmlns="http://www.w3.org/1999/xhtml" xml:lang="en" lang="en">
 <head>
  <title>
</title>
<meta http-equiv="Content-Type" content="text/html;charset=utf-8" />
  <meta name='ocr-system' content='tesseract 3.04.00' />
  <meta name='ocr-capabilities' content='ocr_page ocr_carea ocr_par ocr_line ocrx_word'/>
</head>
<body>
  <div class='ocr_page' id='page_1' title='image "./jamblichidemyst00jambgoog_0389.png"; bbox 0 0 2776 4876; ppageno 0'>
   <div class='ocr_carea' id='block_1_1' title="bbox 187 357 1241 419">
    <p class='ocr_par' dir='ltr' id='par_1_1' title="bbox 187 357 1241 419">
     <span class='ocr_line' id='line_1_1' title="bbox 187 357 1241 419; baseline -0.002 -8"><span class='ocrx_word' id='word_1_1' title='bbox 187 358 240 411; x_wconf 67' lang='lat'><em>250</em></span> <span class='ocrx_word' id='word_1_2' title='bbox 1186 357 1241 419; x_wconf 70' lang='lat' dir='ltr'><strong>m</strong></span> 
     </span>
    </p>
   </div>
   <div class='ocr_carea' id='block_1_2' title="bbox 148 506 1293 2368">
    <p class='ocr_par' dir='ltr' id='par_1_2' title="bbox 185 506 1278 1705">
     <span class='ocr_line' id='line_1_2' title="bbox 189 506 1241 638; baseline -0.002 -60"><span class='ocrx_word' id='word_1_3' title='bbox 189 515 254 578; x_wconf 87' lang='grc' dir='ltr'><em>τῶν</em></span> <span class='ocrx_word' id='word_1_4' title='bbox 276 514 368 576; x_wconf 77' lang='grc' dir='ltr'><em>θεῶν</em></span> <span class='ocrx_word' id='word_1_5' title='bbox 391 506 587 595; x_wconf 77' lang='grc' dir='ltr'><em>μιμούμενοι</em></span> <span class='ocrx_word' id='word_1_6' title='bbox 607 514 664 576; x_wconf 83' lang='grc' dir='ltr'><em>καὶ</em></span> <span class='ocrx_word' id='word_1_7' title='bbox 685 507 781 576; x_wconf 78' lang='grc' dir='ltr'><em>αὐτοὶ</em></span> <span class='ocrx_word' id='word_1_8' title='bbox 802 511 867 576; x_wconf 84' lang='grc' dir='ltr'><em>τῶν</em></span> <span class='ocrx_word' id='word_1_9' title='bbox 888 509 1052 638; x_wconf 83' lang='grc' dir='ltr'><em>μυστικῶν</em></span> <span class='ocrx_word' id='word_1_10' title='bbox 1073 511 1130 574; x_wconf 83' lang='grc' dir='ltr'><em>καὶ</em></span> <span class='ocrx_word' id='word_1_11' title='bbox 1152 507 1241 576; x_wconf 89' lang='grc' dir='ltr'><em>ἀπο-</em></span> 
     </span>
     <span class='ocr_line' id='line_1_3' title="bbox 187 602 1243 711; baseline -0.002 -23"><span class='ocrx_word' id='word_1_12' title='bbox 187 646 330 711; x_wconf 86' lang='grc' dir='ltr'><em>κεκρυμμ</em></span> <span class='ocrx_word' id='word_1_13' title='bbox 331 625 411 687; x_wconf 82' lang='grc' dir='ltr'><em>ένιιν</em></span> <span class='ocrx_word' id='word_1_14' title='bbox 432 624 488 686; x_wconf 81' lang='grc' dir='ltr'><em>καὶ</em></span> <span class='ocrx_word' id='word_1_15' title='bbox 510 619 651 711; x_wconf 78' lang='grc' dir='ltr'><em>ἀφανῶν</em></span> <span class='ocrx_word' id='word_1_16' title='bbox 672 616 820 699; x_wconf 80' lang='grc' dir='ltr'><em>νοήσεων</em></span> <span class='ocrx_word' id='word_1_17' title='bbox 835 602 977 696; x_wconf 76' lang='grc' dir='ltr'><em>εὶκόνας</em></span> <span class='ocrx_word' id='word_1_18' title='bbox 978 613 1071 697; x_wconf 82' lang='grc' dir='ltr'><em>τινὰς</em></span> <span class='ocrx_word' id='word_1_19' title='bbox 1085 614 1141 685; x_wconf 91' lang='grc' dir='ltr'><em>διά</em></span> <span class='ocrx_word' id='word_1_20' title='bbox 1157 641 1243 708; x_wconf 82' lang='grc' dir='ltr'><em>συμ·</em></span> 
     </span>
     <span class='ocr_line' id='line_1_4' title="bbox 186 704 1276 861; baseline 0.002 -63"><span class='ocrx_word' id='word_1_21' title='bbox 186 730 296 836; x_wconf 78' lang='grc' dir='ltr'><em>βόλον</em></span> <span class='ocrx_word' id='word_1_22' title='bbox 317 735 543 861; x_wconf 75' lang='grc' dir='ltr'><em>ἐκφαίνουσιν,</em></span> <span class='ocrx_word' id='word_1_23' title='bbox 572 727 680 817; x_wconf 85' lang='grc' dir='ltr'><em>ῶσπερ</em></span> <span class='ocrx_word' id='word_1_24' title='bbox 701 734 758 797; x_wconf 77' lang='grc' dir='ltr'><em>καὶ</em></span> <span class='ocrx_word' id='word_1_25' title='bbox 780 756 800 810; x_wconf 87' lang='grc' dir='ltr'><em>η</em></span> <span class='ocrx_word' id='word_1_26' title='bbox 830 704 930 822; x_wconf 83' lang='grc' dir='ltr'><em>φόσις</em></span> <span class='ocrx_word' id='word_1_27' title='bbox 956 739 1026 807; x_wconf 83' lang='grc' dir='ltr'><em>τοῖς</em></span> <span class='ocrx_word' id='word_1_28' title='bbox 1055 737 1184 820; x_wconf 75' lang='grc' dir='ltr'><em>ὲμφανέ</em></span> <span class='ocrx_word' id='word_1_29' title='bbox 1186 749 1276 800; x_wconf 74' lang='lat' dir='ltr'><em>nava</em></span> 
     </span>
     <span class='ocr_line' id='line_1_5' title="bbox 187 836 1242 937; baseline -0.001 -27.986"><span class='ocrx_word' id='word_1_30' title='bbox 187 842 285 910; x_wconf 75' lang='grc' dir='ltr'><em>εἴδεσι</em></span> <span class='ocrx_word' id='word_1_31' title='bbox 312 838 388 919; x_wconf 76' lang='grc' dir='ltr'><em>τοὺς</em></span> <span class='ocrx_word' id='word_1_32' title='bbox 416 842 556 932; x_wconf 81' lang='grc' dir='ltr'><em>ἀφανεῖς</em></span> <span class='ocrx_word' id='word_1_33' title='bbox 584 839 702 925; x_wconf 82' lang='grc' dir='ltr'><strong><em>λόγους</em></strong></span> <span class='ocrx_word' id='word_1_34' title='bbox 723 836 780 907; x_wconf 87' lang='grc' dir='ltr'><em>διά</em></span> <span class='ocrx_word' id='word_1_35' title='bbox 807 838 983 937; x_wconf 81' lang='grc' dir='ltr'><em>συμβόλων</em></span> <span class='ocrx_word' id='word_1_36' title='bbox 1011 836 1136 929; x_wconf 79' lang='grc' dir='ltr'><em>τρόπον</em></span> <span class='ocrx_word' id='word_1_37' title='bbox 1164 839 1242 908; x_wconf 82' lang='grc' dir='ltr'><em>τινά</em></span> 
     </span>
     <span class='ocr_line' id='line_1_6' title="bbox 187 944 1242 1040; baseline 0 -21"><span class='ocrx_word' id='word_1_38' title='bbox 187 949 437 1032; x_wconf 81' lang='grc' dir='ltr'><em>ἀπετυπῶσατο,</em></span> <span class='ocrx_word' id='word_1_39' title='bbox 466 952 487 1033; x_wconf 82' lang='grc' dir='ltr'><em>ἡ</em></span> <span class='ocrx_word' id='word_1_40' title='bbox 511 956 546 1019; x_wconf 80' lang='grc' dir='ltr'><em>δὲ</em></span> <span class='ocrx_word' id='word_1_41' title='bbox 567 955 633 1019; x_wconf 85' lang='grc' dir='ltr'><em>τῶν</em></span> <span class='ocrx_word' id='word_1_42' title='bbox 656 955 747 1018; x_wconf 78' lang='grc' dir='ltr'><em>θεῶν</em></span> <span class='ocrx_word' id='word_1_43' title='bbox 768 954 964 1040; x_wconf 77' lang='grc' dir='ltr'><em>δημιουργία</em></span> <span class='ocrx_word' id='word_1_44' title='bbox 986 944 1048 1030; x_wconf 75' lang='grc' dir='ltr'><em>τὴν</em></span> <span class='ocrx_word' id='word_1_45' title='bbox 1069 949 1242 1033; x_wconf 75' lang='grc' dir='ltr'><em>ἀλήθειαν</em></span> 
     </span>
     <span class='ocr_line' id='line_1_7' title="bbox 185 1058 1277 1192; baseline -0.001 -62"><span class='ocrx_word' id='word_1_46' title='bbox 185 1068 255 1130; x_wconf 83' lang='grc' dir='ltr'><em>τῶν</em></span> <span class='ocrx_word' id='word_1_47' title='bbox 273 1065 366 1131; x_wconf 67' lang='grc' dir='ltr'><em>εἰδῶν</em></span> <span class='ocrx_word' id='word_1_48' title='bbox 390 1059 445 1128; x_wconf 92' lang='grc' dir='ltr'><em>διά</em></span> <span class='ocrx_word' id='word_1_49' title='bbox 465 1067 530 1129; x_wconf 86' lang='grc' dir='ltr'><em>τῶν</em></span> <span class='ocrx_word' id='word_1_50' title='bbox 552 1067 705 1192; x_wconf 84' lang='grc' dir='ltr'><em>φανερῶν</em></span> <span class='ocrx_word' id='word_1_51' title='bbox 727 1061 861 1130; x_wconf 70' lang='grc' dir='ltr'><em>εἰκόνων</em></span> <span class='ocrx_word' id='word_1_52' title='bbox 881 1059 1108 1154; x_wconf 77' lang='grc' dir='ltr'><em>ὑπεγραφατο.</em></span> <span class='ocrx_word' id='word_1_53' title='bbox 1157 1058 1277 1137; x_wconf 72' lang='grc' dir='ltr'><em>εὶδό-(ς</em></span> 
     </span>
     <span class='ocr_line' id='line_1_8' title="bbox 187 1155 1241 1262; baseline -0.001 -21"><span class='ocrx_word' id='word_1_54' title='bbox 187 1200 239 1252; x_wconf 78' lang='grc' dir='ltr'><em>τες</em></span> <span class='ocrx_word' id='word_1_55' title='bbox 262 1168 323 1242; x_wconf 82' lang='grc' dir='ltr'><em>οὖν</em></span> <span class='ocrx_word' id='word_1_56' title='bbox 297 1155 504 1262; x_wconf 81' lang='grc' dir='ltr'><em>χαίροντα</em></span> <span class='ocrx_word' id='word_1_57' title='bbox 525 1173 636 1240; x_wconf 82' lang='grc' dir='ltr'><em>πάντα</em></span> <span class='ocrx_word' id='word_1_58' title='bbox 658 1169 700 1238; x_wconf 85' lang='grc' dir='ltr'><em>τά</em></span> <span class='ocrx_word' id='word_1_59' title='bbox 723 1171 894 1260; x_wconf 83' lang='grc' dir='ltr'><em>κρείττονα</em></span> <span class='ocrx_word' id='word_1_60' title='bbox 909 1171 1063 1259; x_wconf 81' lang='grc' dir='ltr'><em>ὁμοιώσει</em></span> <span class='ocrx_word' id='word_1_61' title='bbox 1078 1175 1142 1239; x_wconf 83' lang='grc' dir='ltr'><em>τῶν</em></span> <span class='ocrx_word' id='word_1_62' title='bbox 1156 1173 1241 1240; x_wconf 83' lang='grc' dir='ltr'><em>ἀπο-</em></span> 
     </span>
     <span class='ocr_line' id='line_1_9' title="bbox 186 1281 1241 1374; baseline 0.002 -24"><span class='ocrx_word' id='word_1_63' title='bbox 186 1287 362 1374; x_wconf 75' lang='grc' dir='ltr'><em>δεεστέριιν</em></span> <span class='ocrx_word' id='word_1_64' title='bbox 387 1289 444 1351; x_wconf 82' lang='grc' dir='ltr'><em>καὶ</em></span> <span class='ocrx_word' id='word_1_65' title='bbox 465 1282 663 1372; x_wconf 81' lang='grc' dir='ltr'><em>βουλόμενοι</em></span> <span class='ocrx_word' id='word_1_66' title='bbox 691 1281 778 1351; x_wconf 73' lang='lat' dir='ltr'><strong>oriani</strong></span> <span class='ocrx_word' id='word_1_67' title='bbox 805 1283 949 1370; x_wconf 75' lang='grc' dir='ltr'><em>ἀγαθῶν</em></span> <span class='ocrx_word' id='word_1_68' title='bbox 977 1281 1063 1351; x_wconf 81' lang='grc' dir='ltr'><em>οὕτω</em></span> <span class='ocrx_word' id='word_1_69' title='bbox 1090 1287 1241 1373; x_wconf 84' lang='grc' dir='ltr'><em>πληροῦν</em></span> 
     </span>
     <span class='ocr_line' id='line_1_10' title="bbox 187 1391 1278 1480; baseline 0.005 -19"><span class='ocrx_word' id='word_1_70' title='bbox 187 1391 241 1462; x_wconf 87' lang='grc' dir='ltr'><em>διά</em></span> <span class='ocrx_word' id='word_1_71' title='bbox 265 1400 323 1475; x_wconf 82' lang='grc' dir='ltr'><em>τῆς</em></span> <span class='ocrx_word' id='word_1_72' title='bbox 344 1392 429 1462; x_wconf 82' lang='grc' dir='ltr'><em>κατά</em></span> <span class='ocrx_word' id='word_1_73' title='bbox 453 1392 490 1463; x_wconf 81' lang='grc' dir='ltr'><em>τό</em></span> <span class='ocrx_word' id='word_1_74' title='bbox 521 1391 663 1463; x_wconf 85' lang='grc' dir='ltr'><em>δυνατόν</em></span> <span class='ocrx_word' id='word_1_75' title='bbox 690 1392 871 1480; x_wconf 80' lang='grc' dir='ltr'><em>μιμήσεως,</em></span> <span class='ocrx_word' id='word_1_76' title='bbox 900 1391 1030 1475; x_wconf 84' lang='grc' dir='ltr'><em>εὶκότιις</em></span> <span class='ocrx_word' id='word_1_77' title='bbox 1056 1399 1112 1462; x_wconf 80' lang='grc' dir='ltr'><em>καὶ</em></span> <span class='ocrx_word' id='word_1_78' title='bbox 1141 1394 1278 1466; x_wconf 65' lang='lat' dir='ltr'><strong>airola</strong></span> 
     </span>
     <span class='ocr_line' id='line_1_11' title="bbox 186 1502 1240 1597; baseline 0.001 -25"><span class='ocrx_word' id='word_1_79' title='bbox 186 1503 244 1572; x_wconf 85' lang='grc' dir='ltr'><em>τόν</em></span> <span class='ocrx_word' id='word_1_80' title='bbox 265 1505 462 1597; x_wconf 89' lang='grc' dir='ltr'><em>πρόσφορον</em></span> <span class='ocrx_word' id='word_1_81' title='bbox 484 1506 597 1582; x_wconf 81' lang='grc' dir='ltr'><em>αὐτοῖς</em></span> <span class='ocrx_word' id='word_1_82' title='bbox 618 1502 744 1590; x_wconf 83' lang='grc' dir='ltr'><em>τρόπον</em></span> <span class='ocrx_word' id='word_1_83' title='bbox 771 1508 832 1586; x_wconf 82' lang='grc' dir='ltr'><em>τῆς</em></span> <span class='ocrx_word' id='word_1_84' title='bbox 853 1511 1073 1592; x_wconf 78' lang='grc' dir='ltr'><em>κεκρυμμένης</em></span> <span class='ocrx_word' id='word_1_85' title='bbox 1101 1513 1135 1573; x_wconf 79' lang='grc' dir='ltr'><em>ἐν</em></span> <span class='ocrx_word' id='word_1_86' title='bbox 1166 1518 1240 1584; x_wconf 84' lang='grc' dir='ltr'><em>τοῖς</em></span> 
     </span>
     <span class='ocr_line' id='line_1_12' title="bbox 185 1615 872 1705; baseline -0.006 -21"><span class='ocrx_word' id='word_1_87' title='bbox 185 1617 365 1704; x_wconf 81' lang='grc' dir='ltr'><em>συμβόλοις</em></span> <span class='ocrx_word' id='word_1_88' title='bbox 385 1615 619 1704; x_wconf 73' lang='grc' dir='ltr'><em>μυσταγωγίας</em></span> <span class='ocrx_word' id='word_1_89' title='bbox 639 1621 872 1705; x_wconf 77' lang='grc' dir='ltr'><em>προφέρουσιν.</em></span> 
     </span>
    </p>

    <p class='ocr_par' dir='ltr' id='par_1_3' title="bbox 148 1720 1293 2368">
     <span class='ocr_line' id='line_1_13' title="bbox 148 1720 1293 1813; baseline 0.003 -23"><span class='ocrx_word' id='word_1_90' title='bbox 148 1734 168 1790; x_wconf 79' lang='lat'>2</span> <span class='ocrx_word' id='word_1_91' title='bbox 271 1724 381 1792; x_wconf 78' lang='grc' dir='ltr'><em>Ἄκουε</em></span> <span class='ocrx_word' id='word_1_92' title='bbox 404 1723 445 1807; x_wconf 81' lang='grc' dir='ltr'><em>δὴ</em></span> <span class='ocrx_word' id='word_1_93' title='bbox 467 1720 526 1793; x_wconf 85' lang='grc' dir='ltr'><em>οὖν</em></span> <span class='ocrx_word' id='word_1_94' title='bbox 548 1732 603 1793; x_wconf 79' lang='grc' dir='ltr'><em>καὶ</em></span> <span class='ocrx_word' id='word_1_95' title='bbox 627 1724 668 1794; x_wconf 79' lang='grc' dir='ltr'><em>σε)</em></span> <span class='ocrx_word' id='word_1_96' title='bbox 689 1723 775 1792; x_wconf 84' lang='grc' dir='ltr'><em>κατά</em></span> <span class='ocrx_word' id='word_1_97' title='bbox 797 1723 856 1792; x_wconf 85' lang='grc' dir='ltr'><em>τόν</em></span> <span class='ocrx_word' id='word_1_98' title='bbox 871 1730 936 1794; x_wconf 87' lang='grc' dir='ltr'><em>τῶν</em></span> <span class='ocrx_word' id='word_1_99' title='bbox 951 1729 1142 1813; x_wconf 71' lang='grc' dir='ltr'><em>Αἰγυπτίων</em></span> <span class='ocrx_word' id='word_1_100' title='bbox 1156 1731 1240 1796; x_wconf 84' lang='grc' dir='ltr'><em>νοῦν</em></span> <span class='ocrx_word' id='word_1_101' title='bbox 1259 1742 1293 1793; x_wconf 83' lang='grc'><em>12</em></span> 
     </span>
     <span class='ocr_line' id='line_1_14' title="bbox 184 1834 1238 1927; baseline 0.002 -23"><span class='ocrx_word' id='word_1_102' title='bbox 184 1834 245 1920; x_wconf 74' lang='grc' dir='ltr'><em>τὴν</em></span> <span class='ocrx_word' id='word_1_103' title='bbox 271 1842 337 1904; x_wconf 79' lang='grc' dir='ltr'><em>τῶν</em></span> <span class='ocrx_word' id='word_1_104' title='bbox 366 1858 430 1922; x_wconf 88' lang='grc' dir='ltr'><em>συμ</em></span> <span class='ocrx_word' id='word_1_105' title='bbox 456 1834 540 1904; x_wconf 82' lang='grc' dir='ltr'><em>όλοιν</em></span> <span class='ocrx_word' id='word_1_106' title='bbox 568 1834 688 1927; x_wconf 87' lang='grc' dir='ltr'><em>νοεράν</em></span> <span class='ocrx_word' id='word_1_107' title='bbox 717 1836 956 1925; x_wconf 80' lang='grc' dir='ltr'><em>διερμήνευσιν,</em></span> <span class='ocrx_word' id='word_1_108' title='bbox 985 1838 1083 1926; x_wconf 81' lang='grc' dir='ltr'><em>ἀφεὶς</em></span> <span class='ocrx_word' id='word_1_109' title='bbox 1110 1843 1171 1926; x_wconf 81' lang='grc' dir='ltr'><em>μὲν</em></span> <span class='ocrx_word' id='word_1_110' title='bbox 1198 1835 1238 1905; x_wconf 82' lang='grc' dir='ltr'><em>τό</em></span> 
     </span>
     <span class='ocr_line' id='line_1_15' title="bbox 185 1944 1238 2048; baseline 0 -33"><span class='ocrx_word' id='word_1_111' title='bbox 185 1944 252 2015; x_wconf 86' lang='grc' dir='ltr'><em>ἀπό</em></span> <span class='ocrx_word' id='word_1_112' title='bbox 275 1952 334 2030; x_wconf 79' lang='grc' dir='ltr'><em>τῆς</em></span> <span class='ocrx_word' id='word_1_113' title='bbox 356 1971 490 2038; x_wconf 79' lang='grc' dir='ltr'><em>φανεασ</em></span> <span class='ocrx_word' id='word_1_114' title='bbox 498 1951 545 2025; x_wconf 85' lang='grc' dir='ltr'><em>ἀς</em></span> <span class='ocrx_word' id='word_1_115' title='bbox 571 1951 708 2027; x_wconf 83' lang='grc' dir='ltr'><em>καὶτῆς</em></span> <span class='ocrx_word' id='word_1_116' title='bbox 737 1947 840 2030; x_wconf 81' lang='grc' dir='ltr'><em>ἀκοῆς</em></span> <span class='ocrx_word' id='word_1_117' title='bbox 867 1948 1002 2048; x_wconf 54' lang='lat' dir='ltr'><strong>eliminat</strong></span> <span class='ocrx_word' id='word_1_118' title='bbox 1033 1949 1142 2016; x_wconf 84' lang='grc' dir='ltr'><em>αὐτῶν</em></span> <span class='ocrx_word' id='word_1_119' title='bbox 1172 1953 1238 2015; x_wconf 81' lang='grc' dir='ltr'><em>τῶν</em></span> 
     </span>
     <span class='ocr_line' id='line_1_16' title="bbox 185 2038 1290 2148; baseline 0 -22"><span class='ocrx_word' id='word_1_120' title='bbox 185 2057 368 2146; x_wconf 81' lang='grc' dir='ltr'><em>συμβόλων,</em></span> <span class='ocrx_word' id='word_1_121' title='bbox 390 2038 500 2125; x_wconf 21' lang='grc' dir='ltr'><em>ἐπὶῆδὲ</em></span> <span class='ocrx_word' id='word_1_122' title='bbox 523 2057 584 2139; x_wconf 78' lang='grc' dir='ltr'><em>τήν</em></span> <span class='ocrx_word' id='word_1_123' title='bbox 606 2055 727 2148; x_wconf 89' lang='grc' dir='ltr'><em>νοεράν</em></span> <span class='ocrx_word' id='word_1_124' title='bbox 748 2057 917 2143; x_wconf 74' lang='grc' dir='ltr'><em>ἀλήθειαν</em></span> <span class='ocrx_word' id='word_1_125' title='bbox 934 2057 1052 2128; x_wconf 79' lang='grc' dir='ltr'><em>ἑαυτὸν</em></span> <span class='ocrx_word' id='word_1_126' title='bbox 1068 2069 1239 2146; x_wconf 78' lang='grc' dir='ltr'><em>ὲπαναγα-</em></span> <span class='ocrx_word' id='word_1_127' title='bbox 1257 2082 1290 2133; x_wconf 85' lang='lat'><em>15</em></span> 
     </span>
     <span class='ocr_line' id='line_1_17' title="bbox 183 2165 1238 2258; baseline 0.004 -21"><span class='ocrx_word' id='word_1_128' title='bbox 183 2169 259 2256; x_wconf 74' lang='grc' dir='ltr'><em>μῶν.</em></span> <span class='ocrx_word' id='word_1_129' title='bbox 306 2165 377 2238; x_wconf 73' lang='lat' dir='ltr'><strong>tirio</strong></span> <span class='ocrx_word' id='word_1_130' title='bbox 398 2174 459 2258; x_wconf 80' lang='grc' dir='ltr'><em>μὲν</em></span> <span class='ocrx_word' id='word_1_131' title='bbox 481 2174 591 2237; x_wconf 76' lang='grc' dir='ltr'><em>τοίνυν</em></span> <span class='ocrx_word' id='word_1_132' title='bbox 614 2168 683 2237; x_wconf 85' lang='grc' dir='ltr'><em>νόει</em></span> <span class='ocrx_word' id='word_1_133' title='bbox 705 2169 742 2237; x_wconf 84' lang='grc' dir='ltr'><em>τό</em></span> <span class='ocrx_word' id='word_1_134' title='bbox 766 2175 983 2257; x_wconf 81' lang='grc' dir='ltr'><em>σωματοειδὲς</em></span> <span class='ocrx_word' id='word_1_135' title='bbox 1004 2178 1072 2240; x_wconf 85' lang='grc' dir='ltr'><em>πᾶν</em></span> <span class='ocrx_word' id='word_1_136' title='bbox 1094 2177 1150 2238; x_wconf 83' lang='grc' dir='ltr'><em>καὶ</em></span> <span class='ocrx_word' id='word_1_137' title='bbox 1167 2171 1238 2241; x_wconf 80' lang='grc' dir='ltr'><em>ὑλι-</em></span> 
     </span>
     <span class='ocr_line' id='line_1_18' title="bbox 176 2274 1238 2368; baseline 0 -20"><span class='ocrx_word' id='word_1_138' title='bbox 176 2278 244 2349; x_wconf 87' lang='grc' dir='ltr'><em>κόν</em></span> <span class='ocrx_word' id='word_1_139' title='bbox 268 2277 287 2362; x_wconf 79' lang='grc' dir='ltr'><em>ἡ</em></span> <span class='ocrx_word' id='word_1_140' title='bbox 317 2274 357 2347; x_wconf 86' lang='grc' dir='ltr'><em>τό</em></span> <span class='ocrx_word' id='word_1_141' title='bbox 384 2278 567 2368; x_wconf 73' lang='grc' dir='ltr'><em>θρεπτικόν</em></span> <span class='ocrx_word' id='word_1_142' title='bbox 594 2287 649 2347; x_wconf 85' lang='grc' dir='ltr'><em>καὶ</em></span> <span class='ocrx_word' id='word_1_143' title='bbox 677 2278 816 2367; x_wconf 76' lang='grc' dir='ltr'><em>γόνιμον</em></span> <span class='ocrx_word' id='word_1_144' title='bbox 845 2277 868 2364; x_wconf 78' lang='grc' dir='ltr'><em>ἢ</em></span> <span class='ocrx_word' id='word_1_145' title='bbox 896 2280 977 2350; x_wconf 85' lang='grc' dir='ltr'><em>ὅσον</em></span> <span class='ocrx_word' id='word_1_146' title='bbox 1005 2290 1093 2351; x_wconf 78' lang='grc' dir='ltr'><em>ἐστὶν</em></span> <span class='ocrx_word' id='word_1_147' title='bbox 1121 2286 1238 2350; x_wconf 74' lang='grc' dir='ltr'><em>ἕνυλον</em></span> 
     </span>
    </p>
   </div>
   <div class='ocr_carea' id='block_1_3' title="bbox 255 2557 1237 2972">
    <p class='ocr_par' dir='ltr' id='par_1_4' title="bbox 255 2557 1237 2972">
     <span class='ocr_line' id='line_1_19' title="bbox 255 2557 1237 2633; baseline -0.002 -19"><span class='ocrx_word' id='word_1_148' title='bbox 255 2564 313 2616; x_wconf 81' lang='grc'><strong>1.2.</strong></span> <span class='ocrx_word' id='word_1_149' title='bbox 341 2557 556 2633; x_wconf 71' lang='grc' dir='ltr'><em>ἀποκεκριμένων</em></span> <span class='ocrx_word' id='word_1_150' title='bbox 574 2561 609 2614; x_wconf 89' lang='lat' dir='ltr'><em>D.</em></span> <span class='ocrx_word' id='word_1_151' title='bbox 681 2562 706 2615; x_wconf 83' lang='lat'><em>3.</em></span> <span class='ocrx_word' id='word_1_152' title='bbox 732 2564 896 2627; x_wconf 76' lang='grc' dir='ltr'><em>ἐκβαίνουσιν</em></span> <span class='ocrx_word' id='word_1_153' title='bbox 915 2566 944 2615; x_wconf 74' lang='grc' dir='ltr'><em>Α.</em></span> <span class='ocrx_word' id='word_1_154' title='bbox 1016 2564 1041 2615; x_wconf 76' lang='lat' dir='ltr'><em>l.</em></span> <span class='ocrx_word' id='word_1_155' title='bbox 1069 2561 1113 2616; x_wconf 86' lang='grc' dir='ltr'><em>διά</em></span> <span class='ocrx_word' id='word_1_156' title='bbox 1131 2582 1182 2614; x_wconf 89' lang='lat' dir='ltr'><strong>orn.</strong></span> <span class='ocrx_word' id='word_1_157' title='bbox 1203 2563 1237 2613; x_wconf 85' lang='lat' dir='ltr'><em>l).</em></span> 
     </span>
     <span class='ocr_line' id='line_1_20' title="bbox 255 2643 1236 2717; baseline -0.002 -17"><span class='ocrx_word' id='word_1_158' title='bbox 255 2650 279 2700; x_wconf 87' lang='grc'><em>6.</em></span> <span class='ocrx_word' id='word_1_159' title='bbox 307 2646 396 2713; x_wconf 73' lang='grc' dir='ltr'><em>εἰδῶν]</em></span> <span class='ocrx_word' id='word_1_160' title='bbox 417 2649 488 2699; x_wconf 81' lang='grc' dir='ltr'><em>ἰδεῶν</em></span> <span class='ocrx_word' id='word_1_161' title='bbox 508 2645 586 2697; x_wconf 81' lang='lat' dir='ltr'>ACD.</span> <span class='ocrx_word' id='word_1_162' title='bbox 700 2648 741 2700; x_wconf 89' lang='grc'><em>10.</em></span> <span class='ocrx_word' id='word_1_163' title='bbox 771 2643 878 2714; x_wconf 72' lang='grc' dir='ltr'><em>αὐτοῖς]</em></span> <span class='ocrx_word' id='word_1_164' title='bbox 898 2643 982 2717; x_wconf 56' lang='lat' dir='ltr'><strong>oriris·</strong></span> <span class='ocrx_word' id='word_1_165' title='bbox 1000 2648 1046 2703; x_wconf 88' lang='lat' dir='ltr'><em>Cl)</em></span> <span class='ocrx_word' id='word_1_166' title='bbox 1066 2649 1127 2715; x_wconf 73' lang='lat' dir='ltr'><strong>[leg.</strong></span> <span class='ocrx_word' id='word_1_167' title='bbox 1147 2648 1236 2701; x_wconf 84' lang='lat' dir='ltr'><strong>Fescb.</strong></span> 
     </span>
     <span class='ocr_line' id='line_1_21' title="bbox 266 2728 1236 2806; baseline -0.001 -22"><span class='ocrx_word' id='word_1_168' title='bbox 266 2728 278 2800; x_wconf 86' lang='grc' dir='ltr'><em>ΙΙ</em></span> <span class='ocrx_word' id='word_1_169' title='bbox 291 2738 316 2784; x_wconf 68' lang='grc' dir='ltr'><em>ἓν</em></span> <span class='ocrx_word' id='word_1_170' title='bbox 328 2731 400 2797; x_wconf 75' lang='grc' dir='ltr'><em>τοῖς]</em></span> <span class='ocrx_word' id='word_1_171' title='bbox 418 2728 511 2790; x_wconf 77' lang='grc' dir='ltr'><em>αὐτοῖς</em></span> <span class='ocrx_word' id='word_1_172' title='bbox 530 2731 558 2784; x_wconf 85' lang='lat' dir='ltr'><em>C.</em></span> <span class='ocrx_word' id='word_1_173' title='bbox 632 2733 674 2784; x_wconf 89' lang='lat'><em>11.</em></span> <span class='ocrx_word' id='word_1_174' title='bbox 700 2737 880 2801; x_wconf 78' lang='grc' dir='ltr'><em>μισταγιιγίας</em></span> <span class='ocrx_word' id='word_1_175' title='bbox 899 2735 932 2785; x_wconf 88' lang='grc' dir='ltr'><em>Ι).</em></span> <span class='ocrx_word' id='word_1_176' title='bbox 954 2730 966 2803; x_wconf 82' lang='grc' dir='ltr'><em>ΙΙ</em></span> <span class='ocrx_word' id='word_1_177' title='bbox 988 2738 1185 2806; x_wconf 77' lang='grc' dir='ltr'><em>προσφέρουσιν</em></span> <span class='ocrx_word' id='word_1_178' title='bbox 1204 2734 1236 2784; x_wconf 81' lang='grc' dir='ltr'><em>Α.</em></span> 
     </span>
     <span class='ocr_line' id='line_1_22' title="bbox 256 2815 1235 2892; baseline 0 -24"><span class='ocrx_word' id='word_1_179' title='bbox 256 2818 298 2868; x_wconf 85' lang='grc'><em>13.</em></span> <span class='ocrx_word' id='word_1_180' title='bbox 325 2819 373 2884; x_wconf 79' lang='grc' dir='ltr'><em>τὴν</em></span> <span class='ocrx_word' id='word_1_181' title='bbox 392 2815 458 2881; x_wconf 84' lang='grc' dir='ltr'><em>τῶν]</em></span> <span class='ocrx_word' id='word_1_182' title='bbox 481 2817 516 2867; x_wconf 81' lang='lat' dir='ltr'><em>sic</em></span> <span class='ocrx_word' id='word_1_183' title='bbox 535 2816 593 2879; x_wconf 83' lang='lat' dir='ltr'><em>AC,</em></span> <span class='ocrx_word' id='word_1_184' title='bbox 621 2820 666 2869; x_wconf 80' lang='grc' dir='ltr'><em>καὶ</em></span> <span class='ocrx_word' id='word_1_185' title='bbox 683 2817 733 2870; x_wconf 87' lang='grc' dir='ltr'><em>τῶν</em></span> <span class='ocrx_word' id='word_1_186' title='bbox 751 2819 789 2882; x_wconf 87' lang='lat' dir='ltr'><em>D,</em></span> <span class='ocrx_word' id='word_1_187' title='bbox 816 2820 864 2886; x_wconf 76' lang='grc' dir='ltr'><em>τὴν</em></span> <span class='ocrx_word' id='word_1_188' title='bbox 883 2820 915 2872; x_wconf 92' lang='grc'><em>0.</em></span> <span class='ocrx_word' id='word_1_189' title='bbox 938 2815 950 2888; x_wconf 87' lang='grc' dir='ltr'><em>ΙΙ</em></span> <span class='ocrx_word' id='word_1_190' title='bbox 971 2820 1181 2892; x_wconf 78' lang='grc' dir='ltr'><em>διερμηνεύουσιν</em></span> <span class='ocrx_word' id='word_1_191' title='bbox 1203 2817 1235 2869; x_wconf 86' lang='lat' dir='ltr'><em>B.</em></span> 
     </span>
     <span class='ocr_line' id='line_1_23' title="bbox 256 2898 935 2972; baseline 0.007 -20"><span class='ocrx_word' id='word_1_192' title='bbox 256 2903 298 2956; x_wconf 85' lang='lat'><em>15.</em></span> <span class='ocrx_word' id='word_1_193' title='bbox 327 2898 479 2969; x_wconf 82' lang='grc' dir='ltr'><em>συμβόλων]</em></span> <span class='ocrx_word' id='word_1_194' title='bbox 499 2901 533 2951; x_wconf 87' lang='lat' dir='ltr'><em>sic</em></span> <span class='ocrx_word' id='word_1_195' title='bbox 552 2902 615 2953; x_wconf 84' lang='lat' dir='ltr'><strong>Galo</strong></span> <span class='ocrx_word' id='word_1_196' title='bbox 632 2917 694 2968; x_wconf 79' lang='lat' dir='ltr'><strong>not,</strong></span> <span class='ocrx_word' id='word_1_197' title='bbox 722 2903 883 2972; x_wconf 79' lang='grc' dir='ltr'><em>συμβολικῶν</em></span> <span class='ocrx_word' id='word_1_198' title='bbox 903 2906 935 2957; x_wconf 89' lang='grc' dir='ltr'><em>Ο.</em></span> 
     </span>
    </p>
   </div>
   <div class='ocr_carea' id='block_1_4' title="bbox 143 3173 1237 4281">
    <p class='ocr_par' dir='ltr' id='par_1_5' title="bbox 143 3173 1237 4281">
     <span class='ocr_line' id='line_1_24' title="bbox 181 3173 1235 3251; baseline -0.003 -18"><span class='ocrx_word' id='word_1_199' title='bbox 181 3179 296 3234; x_wconf 76' lang='lat' dir='ltr'><strong>ditarunt</strong></span> <span class='ocrx_word' id='word_1_200' title='bbox 313 3175 452 3230; x_wconf 87' lang='lat' dir='ltr'><strong>notionum</strong></span> <span class='ocrx_word' id='word_1_201' title='bbox 470 3175 597 3250; x_wconf 74' lang='lat' dir='ltr'><strong>imagines</strong></span> <span class='ocrx_word' id='word_1_202' title='bbox 617 3174 745 3251; x_wconf 81' lang='lat' dir='ltr'><strong>qrrasdam</strong></span> <span class='ocrx_word' id='word_1_203' title='bbox 763 3176 791 3230; x_wconf 94' lang='lat' dir='ltr'><em>in</em></span> <span class='ocrx_word' id='word_1_204' title='bbox 809 3173 939 3250; x_wconf 79' lang='lat' dir='ltr'><strong>symbolis</strong></span> <span class='ocrx_word' id='word_1_205' title='bbox 958 3174 1133 3232; x_wconf 84' lang='lat' dir='ltr'><strong>conficiendis</strong></span> <span class='ocrx_word' id='word_1_206' title='bbox 1145 3183 1235 3231; x_wconf 83' lang='lat' dir='ltr'><strong>osten·</strong></span> 
     </span>
     <span class='ocr_line' id='line_1_25' title="bbox 182 3259 1235 3337; baseline -0.004 -18"><span class='ocrx_word' id='word_1_207' title='bbox 182 3263 257 3329; x_wconf 72' lang='lat' dir='ltr'><strong>«lunt,</strong></span> <span class='ocrx_word' id='word_1_208' title='bbox 282 3259 501 3337; x_wconf 78' lang='lat' dir='ltr'><strong>quemadmodum</strong></span> <span class='ocrx_word' id='word_1_209' title='bbox 521 3270 548 3316; x_wconf 89' lang='lat' dir='ltr'><em>et</em></span> <span class='ocrx_word' id='word_1_210' title='bbox 565 3262 625 3337; x_wconf 88' lang='lat' dir='ltr'><strong>ipsa</strong></span> <span class='ocrx_word' id='word_1_211' title='bbox 642 3270 735 3316; x_wconf 83' lang='lat' dir='ltr'><strong>natura</strong></span> <span class='ocrx_word' id='word_1_212' title='bbox 754 3264 871 3318; x_wconf 88' lang='lat' dir='ltr'><strong>rationes</strong></span> <span class='ocrx_word' id='word_1_213' title='bbox 890 3260 1011 3318; x_wconf 83' lang='lat' dir='ltr'><strong>occultas</strong></span> <span class='ocrx_word' id='word_1_214' title='bbox 1032 3263 1060 3319; x_wconf 92' lang='lat' dir='ltr'><em>in</em></span> <span class='ocrx_word' id='word_1_215' title='bbox 1077 3259 1172 3316; x_wconf 80' lang='lat' dir='ltr'><strong>formis</strong></span> <span class='ocrx_word' id='word_1_216' title='bbox 1190 3280 1235 3337; x_wconf 84' lang='lat' dir='ltr'><em>ap·</em></span> 
     </span>
     <span class='ocr_line' id='line_1_26' title="bbox 180 3345 1237 3426; baseline 0 -23"><span class='ocrx_word' id='word_1_217' title='bbox 180 3347 337 3426; x_wconf 86' lang='lat' dir='ltr'><strong>parentibus</strong></span> <span class='ocrx_word' id='word_1_218' title='bbox 353 3349 432 3422; x_wconf 86' lang='lat' dir='ltr'><strong>quasi</strong></span> <span class='ocrx_word' id='word_1_219' title='bbox 451 3345 582 3421; x_wconf 81' lang='lat' dir='ltr'><strong>symbolis</strong></span> <span class='ocrx_word' id='word_1_220' title='bbox 595 3348 728 3423; x_wconf 76' lang='lat' dir='ltr'><strong>exprimit,</strong></span> <span class='ocrx_word' id='word_1_221' title='bbox 746 3357 775 3403; x_wconf 89' lang='lat' dir='ltr'><em>et</em></span> <span class='ocrx_word' id='word_1_222' title='bbox 786 3349 845 3424; x_wconf 87' lang='lat' dir='ltr'><strong>ipsa</strong></span> <span class='ocrx_word' id='word_1_223' title='bbox 858 3346 970 3403; x_wconf 86' lang='lat' dir='ltr'><strong>deorum</strong></span> <span class='ocrx_word' id='word_1_224' title='bbox 979 3348 1100 3424; x_wconf 63' lang='lat' dir='ltr'><strong>operatio</strong></span> <span class='ocrx_word' id='word_1_225' title='bbox 1113 3345 1237 3403; x_wconf 82' lang='lat' dir='ltr'><strong>idearum</strong></span> 
     </span>
     <span class='ocr_line' id='line_1_27' title="bbox 180 3430 1236 3509; baseline -0.004 -17"><span class='ocrx_word' id='word_1_226' title='bbox 180 3436 320 3492; x_wconf 78' lang='lat' dir='ltr'><strong>veritatem</strong></span> <span class='ocrx_word' id='word_1_227' title='bbox 338 3431 454 3489; x_wconf 81' lang='lat' dir='ltr'><strong>delineat</strong></span> <span class='ocrx_word' id='word_1_228' title='bbox 472 3433 500 3487; x_wconf 92' lang='lat' dir='ltr'><em>in</em></span> <span class='ocrx_word' id='word_1_229' title='bbox 518 3432 676 3506; x_wconf 86' lang='lat' dir='ltr'><strong>imaginibus</strong></span> <span class='ocrx_word' id='word_1_230' title='bbox 694 3435 857 3509; x_wconf 80' lang='lat' dir='ltr'><strong>conspicuis.</strong></span> <span class='ocrx_word' id='word_1_231' title='bbox 903 3453 964 3489; x_wconf 87' lang='lat' dir='ltr'><em>cnm</em></span> <span class='ocrx_word' id='word_1_232' title='bbox 986 3435 1068 3508; x_wconf 83' lang='lat' dir='ltr'><strong>igitur</strong></span> <span class='ocrx_word' id='word_1_233' title='bbox 1084 3430 1236 3508; x_wconf 82' lang='lat' dir='ltr'><strong>intelligant</strong></span> 
     </span>
     <span class='ocr_line' id='line_1_28' title="bbox 181 3516 1236 3598; baseline -0.002 -22"><span class='ocrx_word' id='word_1_234' title='bbox 181 3523 320 3598; x_wconf 79' lang='lat' dir='ltr'><strong>superiora</strong></span> <span class='ocrx_word' id='word_1_235' title='bbox 338 3521 426 3575; x_wconf 86' lang='lat' dir='ltr'><strong>omnia</strong></span> <span class='ocrx_word' id='word_1_236' title='bbox 443 3516 571 3574; x_wconf 73' lang='lat' dir='ltr'><strong>delectori</strong></span> <span class='ocrx_word' id='word_1_237' title='bbox 582 3517 737 3574; x_wconf 82' lang='lat' dir='ltr'><strong>inferiorum</strong></span> <span class='ocrx_word' id='word_1_238' title='bbox 749 3518 941 3587; x_wconf 83' lang='lat' dir='ltr'><strong>conformitate,</strong></span> <span class='ocrx_word' id='word_1_239' title='bbox 960 3529 988 3575; x_wconf 86' lang='lat' dir='ltr'><em>et</em></span> <span class='ocrx_word' id='word_1_240' title='bbox 998 3538 1048 3596; x_wconf 86' lang='lat' dir='ltr'><strong>per</strong></span> <span class='ocrx_word' id='word_1_241' title='bbox 1058 3520 1236 3574; x_wconf 87' lang='lat' dir='ltr'><strong>imitationem</strong></span> 
     </span>
     <span class='ocr_line' id='line_1_29' title="bbox 182 3604 1236 3683; baseline 0.001 -24"><span class='ocrx_word' id='word_1_242' title='bbox 182 3625 261 3681; x_wconf 81' lang='lat' dir='ltr'><strong>quam</strong></span> <span class='ocrx_word' id='word_1_243' title='bbox 283 3616 399 3682; x_wconf 79' lang='lat' dir='ltr'><strong>possunt</strong></span> <span class='ocrx_word' id='word_1_244' title='bbox 420 3606 560 3661; x_wconf 78' lang='lat' dir='ltr'><strong>maximam</strong></span> <span class='ocrx_word' id='word_1_245' title='bbox 581 3606 721 3682; x_wconf 79' lang='lat' dir='ltr'><strong>cupientes</strong></span> <span class='ocrx_word' id='word_1_246' title='bbox 744 3607 796 3663; x_wconf 81' lang='lat' dir='ltr'><strong>ista</strong></span> <span class='ocrx_word' id='word_1_247' title='bbox 817 3604 926 3683; x_wconf 88' lang='lat' dir='ltr'><strong>replere</strong></span> <span class='ocrx_word' id='word_1_248' title='bbox 946 3605 1038 3673; x_wconf 86' lang='lat' dir='ltr'><strong>bonis,</strong></span> <span class='ocrx_word' id='word_1_249' title='bbox 1061 3607 1158 3663; x_wconf 83' lang='lat' dir='ltr'><strong>merito</strong></span> <span class='ocrx_word' id='word_1_250' title='bbox 1180 3605 1236 3682; x_wconf 89' lang='lat' dir='ltr'><strong>ipsi</strong></span> 
     </span>
     <span class='ocr_line' id='line_1_30' title="bbox 183 3689 1217 3768; baseline -0.001 -23"><span class='ocrx_word' id='word_1_251' title='bbox 183 3710 289 3768; x_wconf 83' lang='lat' dir='ltr'><strong>quoque</strong></span> <span class='ocrx_word' id='word_1_252' title='bbox 307 3690 445 3768; x_wconf 80' lang='lat' dir='ltr'><strong>religionis</strong></span> <span class='ocrx_word' id='word_1_253' title='bbox 464 3689 629 3766; x_wconf 83' lang='lat' dir='ltr'><strong>symbolicae</strong></span> <span class='ocrx_word' id='word_1_254' title='bbox 646 3693 777 3749; x_wconf 80' lang='lat' dir='ltr'><strong>rationem</strong></span> <span class='ocrx_word' id='word_1_255' title='bbox 794 3691 848 3749; x_wconf 76' lang='lat' dir='ltr'><strong>diis</strong></span> <span class='ocrx_word' id='word_1_256' title='bbox 861 3710 1004 3768; x_wconf 79' lang='lat' dir='ltr'><strong>oongrnam</strong></span> <span class='ocrx_word' id='word_1_257' title='bbox 1015 3690 1217 3747; x_wconf 78' lang='lat' dir='ltr'><strong>adinvenerunt</strong></span> 
     </span>
     <span class='ocr_line' id='line_1_31' title="bbox 143 3774 1236 3854; baseline -0.004 -20"><span class='ocrx_word' id='word_1_258' title='bbox 143 3776 163 3834; x_wconf 77' lang='grc'>2</span> <span class='ocrx_word' id='word_1_259' title='bbox 251 3774 322 3832; x_wconf 80' lang='lat' dir='ltr'><strong>Audi</strong></span> <span class='ocrx_word' id='word_1_260' title='bbox 345 3779 425 3851; x_wconf 80' lang='lat' dir='ltr'><strong>igitur</strong></span> <span class='ocrx_word' id='word_1_261' title='bbox 448 3787 563 3833; x_wconf 87' lang='lat' dir='ltr'><strong>mentem</strong></span> <span class='ocrx_word' id='word_1_262' title='bbox 586 3787 614 3832; x_wconf 87' lang='lat' dir='ltr'><em>et</em></span> <span class='ocrx_word' id='word_1_263' title='bbox 635 3779 884 3854; x_wconf 74' lang='lat' dir='ltr'><strong>interpretationem</strong></span> <span class='ocrx_word' id='word_1_264' title='bbox 906 3775 1091 3852; x_wconf 84' lang='lat' dir='ltr'><strong>symbolorum</strong></span> <span class='ocrx_word' id='word_1_265' title='bbox 1118 3796 1151 3832; x_wconf 88' lang='lat' dir='ltr'><strong>ex</strong></span> <span class='ocrx_word' id='word_1_266' title='bbox 1175 3795 1236 3831; x_wconf 90' lang='lat' dir='ltr'><strong>sen·</strong></span> 
     </span>
     <span class='ocr_line' id='line_1_32' title="bbox 180 3860 1235 3940; baseline -0.002 -23"><span class='ocrx_word' id='word_1_267' title='bbox 180 3862 265 3917; x_wconf 83' lang='lat' dir='ltr'><strong>tentia</strong></span> <span class='ocrx_word' id='word_1_268' title='bbox 288 3862 407 3935; x_wconf 87' lang='lat' dir='ltr'><strong>ipsorum</strong></span> <span class='ocrx_word' id='word_1_269' title='bbox 429 3861 629 3940; x_wconf 80' lang='lat' dir='ltr'><strong>Aegyptiorum.</strong></span> <span class='ocrx_word' id='word_1_270' title='bbox 676 3883 741 3918; x_wconf 85' lang='lat' dir='ltr'><strong>cave</strong></span> <span class='ocrx_word' id='word_1_271' title='bbox 762 3873 850 3919; x_wconf 82' lang='lat' dir='ltr'><strong>autern</strong></span> <span class='ocrx_word' id='word_1_272' title='bbox 873 3863 988 3919; x_wconf 87' lang='lat' dir='ltr'><strong>insideat</strong></span> <span class='ocrx_word' id='word_1_273' title='bbox 1013 3861 1058 3919; x_wconf 87' lang='lat' dir='ltr'><strong>vel</strong></span> <span class='ocrx_word' id='word_1_274' title='bbox 1079 3860 1235 3938; x_wconf 82' lang='lat' dir='ltr'><strong>phantasiae</strong></span> 
     </span>
     <span class='ocr_line' id='line_1_33' title="bbox 181 3944 1235 4024; baseline -0.002 -20"><span class='ocrx_word' id='word_1_275' title='bbox 181 3945 224 4004; x_wconf 85' lang='lat' dir='ltr'><strong>rel</strong></span> <span class='ocrx_word' id='word_1_276' title='bbox 242 3944 349 4001; x_wconf 83' lang='lat' dir='ltr'><strong>auribus</strong></span> <span class='ocrx_word' id='word_1_277' title='bbox 367 3947 421 4000; x_wconf 75' lang='lat' dir='ltr'><strong>tuis</strong></span> <span class='ocrx_word' id='word_1_278' title='bbox 439 3966 529 4004; x_wconf 86' lang='lat' dir='ltr'><strong>rernm</strong></span> <span class='ocrx_word' id='word_1_279' title='bbox 547 3947 754 4024; x_wconf 77' lang='lat' dir='ltr'><strong>symbolicarum</strong></span> <span class='ocrx_word' id='word_1_280' title='bbox 772 3948 882 4016; x_wconf 79' lang='lat' dir='ltr'><strong>idolum,</strong></span> <span class='ocrx_word' id='word_1_281' title='bbox 901 3947 950 4004; x_wconf 85' lang='lat' dir='ltr'><strong>sed</strong></span> <span class='ocrx_word' id='word_1_282' title='bbox 968 3949 1077 4023; x_wconf 79' lang='lat' dir='ltr'><strong>aooinge</strong></span> <span class='ocrx_word' id='word_1_283' title='bbox 1094 3957 1122 4002; x_wconf 88' lang='lat' dir='ltr'><em>te</em></span> <span class='ocrx_word' id='word_1_284' title='bbox 1140 3946 1175 4003; x_wconf 81' lang='lat' dir='ltr'><em>ad</em></span> <span class='ocrx_word' id='word_1_285' title='bbox 1192 3967 1235 4002; x_wconf 86' lang='lat' dir='ltr'><strong>ve-</strong></span> 
     </span>
     <span class='ocr_line' id='line_1_34' title="bbox 180 4027 1237 4112; baseline 0.002 -23"><span class='ocrx_word' id='word_1_286' title='bbox 180 4036 287 4089; x_wconf 76' lang='lat' dir='ltr'><strong>ritatem</strong></span> <span class='ocrx_word' id='word_1_287' title='bbox 305 4027 444 4087; x_wconf 88' lang='lat' dir='ltr'><strong>intelleotu</strong></span> <span class='ocrx_word' id='word_1_288' title='bbox 462 4035 668 4110; x_wconf 74' lang='lat' dir='ltr'><strong>percipiendam.</strong></span> <span class='ocrx_word' id='word_1_289' title='bbox 716 4035 802 4093; x_wconf 84' lang='lat' dir='ltr'><strong>lutum</strong></span> <span class='ocrx_word' id='word_1_290' title='bbox 819 4037 900 4112; x_wconf 82' lang='lat' dir='ltr'><strong>igitur</strong></span> <span class='ocrx_word' id='word_1_291' title='bbox 922 4032 1042 4110; x_wconf 73' lang='lat' dir='ltr'><strong>intellige</strong></span> <span class='ocrx_word' id='word_1_292' title='bbox 1065 4036 1156 4091; x_wconf 79' lang='lat' dir='ltr'><strong>omnia</strong></span> <span class='ocrx_word' id='word_1_293' title='bbox 1178 4052 1237 4091; x_wconf 83' lang='lat' dir='ltr'><strong>onr-</strong></span> 
     </span>
     <span class='ocr_line' id='line_1_35' title="bbox 180 4113 1237 4197; baseline 0.004 -23"><span class='ocrx_word' id='word_1_294' title='bbox 180 4139 261 4195; x_wconf 80' lang='lat' dir='ltr'><strong>porea</strong></span> <span class='ocrx_word' id='word_1_295' title='bbox 274 4127 301 4173; x_wconf 86' lang='lat' dir='ltr'><em>et</em></span> <span class='ocrx_word' id='word_1_296' title='bbox 315 4113 462 4174; x_wconf 82' lang='lat' dir='ltr'><strong>materialia</strong></span> <span class='ocrx_word' id='word_1_297' title='bbox 473 4126 501 4172; x_wconf 86' lang='lat' dir='ltr'><em>et</em></span> <span class='ocrx_word' id='word_1_298' title='bbox 512 4121 666 4179; x_wconf 77' lang='lat' dir='ltr'><strong>nutritivam</strong></span> <span class='ocrx_word' id='word_1_299' title='bbox 673 4120 868 4197; x_wconf 80' lang='lat' dir='ltr'><strong>genitalemquo</strong></span> <span class='ocrx_word' id='word_1_300' title='bbox 879 4119 1039 4189; x_wconf 69' lang='lat' dir='ltr'><strong>laoulutom</strong></span> <span class='ocrx_word' id='word_1_301' title='bbox 1050 4121 1118 4176; x_wconf 86' lang='lat' dir='ltr'><strong>item</strong></span> <span class='ocrx_word' id='word_1_302' title='bbox 1128 4138 1237 4178; x_wconf 79' lang='lat' dir='ltr'><strong>omnem</strong></span> 
     </span>
     <span class='ocr_line' id='line_1_36' title="bbox 180 4202 1237 4281; baseline 0.003 -24"><span class='ocrx_word' id='word_1_303' title='bbox 180 4214 289 4262; x_wconf 79' lang='lat' dir='ltr'><strong>naturas</strong></span> <span class='ocrx_word' id='word_1_304' title='bbox 308 4204 428 4281; x_wconf 78' lang='lat' dir='ltr'><strong>speeiem</strong></span> <span class='ocrx_word' id='word_1_305' title='bbox 446 4202 610 4261; x_wconf 73' lang='lat' dir='ltr'><strong>materialem</strong></span> <span class='ocrx_word' id='word_1_306' title='bbox 626 4225 678 4263; x_wconf 82' lang='lat' dir='ltr'><em>nno</em></span> <span class='ocrx_word' id='word_1_307' title='bbox 695 4227 756 4264; x_wconf 81' lang='lat' dir='ltr'><em>cnm</em></span> <span class='ocrx_word' id='word_1_308' title='bbox 774 4209 884 4267; x_wconf 73' lang='lat' dir='ltr'><strong>intortio</strong></span> <span class='ocrx_word' id='word_1_309' title='bbox 902 4208 1029 4264; x_wconf 81' lang='lat' dir='ltr'><strong>materiae</strong></span> <span class='ocrx_word' id='word_1_310' title='bbox 1046 4204 1165 4264; x_wconf 75' lang='lat' dir='ltr'><strong>fluxibus</strong></span> <span class='ocrx_word' id='word_1_311' title='bbox 1184 4206 1237 4281; x_wconf 79' lang='lat' dir='ltr'><strong>agi·</strong></span> 
     </span>
    </p>
   </div>
   <div class='ocr_carea' id='block_1_5' title="bbox 769 4374 786 4407">
    <p class='ocr_par' dir='ltr' id='par_1_6' title="bbox 769 4374 786 4407">
     <span class='ocr_line' id='line_1_37' title="bbox 769 4374 786 4407; baseline 0 0"><span class='ocrx_word' id='word_1_312' title='bbox 769 4374 786 4407; x_wconf 83' lang='grc' dir='ltr'><em>Ι</em></span> 
     </span>
    </p>
   </div>
   <div class='ocr_carea' id='block_1_6' title="bbox 0 0 1392 4876">
    <p class='ocr_par' dir='ltr' id='par_1_7' title="bbox 0 0 1392 4876">
     <span class='ocr_line' id='line_1_38' title="bbox 0 0 1392 4876; baseline 0 1"><span class='ocrx_word' id='word_1_313' title='bbox 0 0 1392 4876; x_wconf 95' lang='lat' dir='ltr'><em> </em></span> 
     </span>
    </p>
   </div>
  </div>
 </body>
</html>
