2776 4876
207 348 260 402 111
1190 343 1263 410 3,18

208 503 252 582 ὡς
274 502 332 588 ούχ
355 499 427 569 οἶόν
449 506 483 568 τί
504 524 537 566 τι
558 501 623 566 τῶν
644 503 750 566 θείων
772 503 876 588 ίργων
890 500 1045 586 δρᾶσθαι
1062 504 1263 588 ἱεροπρεπῶς

208 610 288 682 ἀνευ
308 615 367 681 τού
387 614 542 701 παρεῖναί
548 633 637 677 ’τινα
659 616 724 678 τῶν
746 607 940 700 κρειττόνων
961 615 1084 701 ἔφορον
1099 616 1155 678 καί
1175 609 1261 680 ἀπο

207 719 382 813 πληρωτὴν
403 728 462 805 τῆς
484 726 575 812 ἱερᾶς
596 725 768 811 ἐνεργείας.
807 721 878 788 ἀλλ’
899 719 985 789 ὅπου
1005 725 1065 808 μὲν
1087 725 1196 790 τέλεια
1216 719 1296 790 uolt

207 831 459 932 κατορθώματά
480 841 550 903 ἐστι
577 837 633 902 καὶ
662 831 809 918 αὐτάρκη
831 836 888 900 καί
910 832 1056 915 ἀνενδεῆ,
1078 836 1159 902 θεοὶ
1182 832 1261 902 τού-

206 971 273 1014 των
288 951 370 1015 είσὶν
390 943 555 1032 ἡγεμόνες,
579 943 663 1013 ὅπου
678 948 712 1012 δὲ
727 950 814 1032 μέσα
829 947 885 1012 καί
898 943 1007 1034 βραχύ
1024 970 1057 1012 τι
1071 947 1136 1013 τῶν
1150 941 1262 1033 ἀκρων

208 1055 453 1145 ἀπολειπόμενα
475 1057 633 1144 ἀγγέλους
654 1059 718 1143 ίχει
747 1052 823 1134 τούς
845 1058 1073 1136 ἐπιτελοῦντας
1095 1053 1181 1124 αύτά
1203 1059 1296 1124 uolt

207 1166 475 1248 lurdamvdovwc,
496 1165 540 1235 τά
560 1168 590 1236 δ’
606 1170 729 1253 ίίσχατα
744 1169 881 1254 δαίμοσι
894 1165 1160 1256 διαπράττεσθαι
1174 1166 1262 1233 ἀπο-

207 1285 397 1366 νενίμηται·
419 1277 530 1347 πάντα
552 1305 588 1366 γε
609 1277 678 1368 μην
699 1282 749 1347 ἐνί
769 1284 806 1365 γέ
821 1302 885 1346 τινι
898 1281 965 1346 τῶν
978 1277 1172 1367 κρειττόνων
1191 1285 1262 1344 επι-

207 1395 385 1479 τίτραπται
406 1395 471 1459 τῶν
492 1394 690 1480 θεοπρεπῶν
719 1388 869 1478 πράξεων
890 1389 912 1471 ἡ
934 1387 1162 1479 κατόρθωσις·
1190 1391 1294 1456 lusit

208 1500 283 1569 οὐδὲ
305 1499 407 1587 λόγον
427 1505 502 1591 περὶ
524 1506 616 1572 θεῶν
638 1500 718 1570 ἀνευ
740 1505 832 1568 θεῶν
854 1504 967 1568 λαλεῖν
988 1498 1139 1582 δυνατόν,
1160 1497 1260 1587 μήτοι

207 1637 244 1698 γε
266 1610 307 1694 δή
329 1610 453 1680 ὶσόθεα
475 1616 555 1701 ἔργα
576 1618 633 1680 καί
653 1605 768 1680 πᾶσαν
788 1609 975 1700 πρόγνωσιν
996 1607 1076 1678 ἀνευ
1097 1613 1190 1678 θεῶν
1211 1635 1262 1688 τις

208 1717 252 1789 ἀν
274 1721 497 1804 ἐπιτηδεύσειε.
543 1720 582 1790 τὸ
596 1720 661 1812 γάρ
676 1722 894 1813 ἀνθρώπινον
909 1725 1018 1814 φύλου
1033 1721 1176 1799 ἀσθενές
1190 1728 1261 1788 ἐστι
1279 1731 1313 1782 12

208 1837 264 1900 καὶ
285 1830 432 1923 σμικρόν,
453 1835 566 1917 βλέπει
587 1858 622 1901 τε
644 1839 697 1902 ἐπὶ
710 1833 827 1922 βραχύ,
849 1830 1022 1925 σύμφυτόν
1042 1858 1078 1900 τε
1093 1831 1261 1901 ούδένειαν

207 1949 372 2025 κέκτηται·
395 1947 457 2030 μία
480 1943 509 2010 δ’
526 1949 615 2013 ἐστὶν
637 1951 672 2013 ὲν
695 1944 783 2030 αὐτῷ
798 1949 857 2027 τῆς
873 1943 1118 2033 ἐνυπαρχούσης
1133 1942 1261 2025 πλάνης

207 2058 264 2122 καί
285 2060 433 2144 ταραχῆς
454 2059 511 2123 καὶ
532 2058 592 2137 τῆς
613 2053 760 2124 ἀστάτου
780 2057 970 2141 μεταβολῆς
985 2039 1121 2143 λατρεία,
1143 2055 1173 2122 εί
1185 2079 1261 2122 τινα
1279 2066 1313 2117 15

207 2169 385 2253 μετουσίαν
407 2169 507 2234 θείου
529 2163 639 2258 φωτός
660 2162 746 2232 κατά
775 2161 812 2232 τό
842 2162 984 2234 δυνατὸν
1010 2164 1209 2253 μεταλάβοι·
1240 2165 1260 2233 ὁ

208 2279 243 2344 δὲ
265 2275 388 2360 ταύτην
410 2276 593 2344 ἀποκλείων
613 2275 738 2345 ταύτόν
758 2286 846 2344 ποιεῖ
861 2287 930 2356 τοῖς
943 2275 979 2358 ἐξ
993 2275 1133 2370 ἀψύχων
1150 2273 1263 2366 ψυχὴν

207 2385 414 2476 παράγουσιν
436 2384 457 2470 ἢ
479 2400 549 2468 τοῖς
571 2384 639 2456 ἀπὸ
665 2391 728 2456 τῶν
749 2385 902 2469 ἀνοήτων
930 2393 1011 2456 νοῦν
1040 2388 1260 2475 ἀπογεννῶσι·
1279 2393 1314 2447 18

279 2612 303 2663 1.
330 2617 361 2665 τί
376 2608 418 2678 τι]
437 2611 472 2664 sic
490 2612 554 2664 Gale
572 2628 634 2675 not,
660 2633 689 2673 τε
707 2615 734 2664 τί
753 2614 784 2674 Α,
810 2632 839 2665 τε
859 2613 892 2665 0.
1009 2667 1013 2673 ,
1044 2615 1069 2666 2.
1097 2609 1210 2685 εὔφορον
1228 2614 1260 2666 Β.

277 2697 304 2750 8.
331 2693 436 2763 πάντα]
456 2697 544 2768 πάντη
564 2699 603 2750 vel
622 2696 726 2758 πάντας
745 2698 809 2750 Gale
827 2712 878 2750 not.
1005 2700 1047 2752 10.
1073 2701 1161 2768 λαβεῖν
1180 2697 1260 2752 nel).

289 2776 303 2849 ΙΙ
314 2778 410 2850 μὴτοι]
422 2781 459 2851 μή
471 2803 498 2834 τι
510 2782 540 2846 C,
557 2783 625 2852 μήτε
640 2786 670 2837 Α.
748 2786 789 2850 12.
813 2779 982 2855 ἀνθρώπειον
996 2784 1076 2838 ACD.
1147 2785 1191 2838 13.
1213 2780 1261 2838 ού-

281 2864 396 2932 δίνειαν]
416 2865 451 2918 sic
470 2866 550 2931 Act),
578 2863 653 2922 ούδλν
671 2868 705 2923 0.
778 2871 820 2923 15.
847 2868 884 2936 εί]
903 2865 920 2936 ἦ
937 2870 970 2922 Β.

208 3077 275 3135 nihil
292 3079 321 3134 in
339 3080 423 3134 saeris
441 3078 567 3154 operibus
591 3079 669 3156 digne
686 3083 776 3158 possit
791 3083 923 3159 praestari
944 3083 998 3137 nisi
1016 3081 1087 3138 adsit
1104 3079 1200 3158 aliquis
1218 3101 1262 3137 su·

207 3185 301 3242 perum
318 3173 454 3242 spectator
471 3166 561 3241 operis
581 3175 609 3221 et
626 3177 830 3223 consummator.
876 3178 904 3223 et
920 3186 1001 3244 opera
1019 3167 1127 3244 quidem
1139 3165 1262 3222 absoluta

207 3250 325 3329 perfecta
343 3260 370 3307 et
387 3249 466 3328 plena
485 3251 550 3308 deos
568 3251 668 3307 habent
685 3263 821 3322 auctores,
844 3253 890 3310 ubi
907 3272 973 3309 vero
990 3251 1077 3309 modia
1094 3262 1157 3309 sunt
1181 3261 1209 3307 et
1227 3252 1261 3309 ab

208 3338 335 3394 extremis
352 3356 447 3413 parum
464 3338 600 3407 recedunt,
619 3337 706 3416 angeli
718 3359 748 3395 ea
760 3339 904 3416 perficiunt
915 3349 942 3394 et
954 3337 1111 3406 ostendunt,
1129 3340 1263 3414 postremi

208 3421 310 3478 ordinis
334 3442 415 3499 opera
439 3423 612 3481 daemonibus
635 3424 821 3481 attribuuntur.
867 3427 975 3481 omnino
998 3424 1086 3480 debita
1106 3423 1263 3481 divinorum

207 3527 319 3584 operum
337 3508 533 3566 administratio
556 3510 636 3567 alicui
658 3531 785 3589 superum
806 3512 978 3588 permittitur.
1020 3512 1150 3586 'quoniam
1172 3520 1263 3567 autern

207 3612 262 3648 nou
279 3613 423 3670 possumus
441 3595 486 3652 vel
502 3596 612 3653 verbum
628 3596 706 3672 loqui
723 3605 796 3652 reete
814 3597 847 3653 de
860 3596 912 3652 diis
924 3599 984 3653 sine
996 3596 1057 3664 diis,
1076 3595 1160 3652 multo
1172 3598 1261 3653 minus

206 3761 339 3819 rentibus.
384 3776 477 3822 nostra
500 3770 570 3824 enim
592 3779 686 3824 natura
710 3767 815 3823 infirma
838 3777 880 3823 est
901 3777 929 3824 et
951 3766 1094 3824 imbecillis
1117 3778 1145 3823 et
1166 3786 1260 3844 parurn

206 3850 347 3925 prospicit,
367 3861 556 3929 cognatamque
573 3852 654 3910 habet
671 3851 833 3909 nullitatem:
858 3863 885 3908 et
902 3856 980 3910 unica
998 3864 1041 3910 est
1058 3856 1084 3909 ei
1101 3851 1203 3909 medela
1221 3872 1262 3908 er·

206 3935 278 3988 roris
296 3943 323 3989 et
340 3933 551 3994 tumultuationis
565 3949 592 3996 et
603 3937 737 3996 instabilis
749 3941 989 4008 transmutationis,
1008 3941 1032 3995 si
1044 3941 1134 4017 possit
1144 3938 1261 4015 aliquam

206 4017 291 4076 divini
308 4017 417 4075 luminis
429 4022 586 4097 particulam
596 4024 710 4081 haurire.
755 4027 802 4101 qui
814 4034 901 4080 autern
912 4024 1029 4082 secludit
1040 4024 1160 4081 divinum
1170 4024 1260 4080 lumen

206 4105 235 4161 in
252 4103 305 4161 hoo
322 4105 429 4180 negotio
446 4105 557 4182 perinde
574 4107 641 4164 mihi
657 4108 744 4166 faeere
761 4110 868 4166 videtur
885 4131 916 4166 ao
935 4112 954 4166 ii
973 4113 1020 4187 qui
1030 4109 1116 4167 velint
1133 4130 1167 4167 ex
1177 4112 1259 4166 inani·

206 4190 258 4246 mis
276 4192 388 4248 animam
405 4190 563 4268 producere,
582 4203 628 4248 aut
645 4206 761 4252 mentem
773 4216 806 4252 ex
818 4197 852 4252 iis
864 4217 992 4273 generare
1004 4218 1072 4274 quae
1084 4198 1157 4254 omni
1170 4206 1259 4253 mente
