2776 4876
199 347 250 401 158
1180 340 1251 403 ³‚25

198 499 265 567 ἀπό
288 525 321 565 τε
344 495 466 563 τούτων
487 500 552 562 τῶν
575 500 716 581 σημείων
739 495 864 576 ἔξωθεν
886 489 988 562 αὐτὸν
1011 495 1054 571 ὡς
1076 498 1258 561 λπίπνοιαν

198 620 348 700 ἐπιρρεῖν.

141 746 180 805 25
291 725 403 788 Ταῦτα
426 725 485 806 μὲν
508 711 567 786 οὖν
589 717 691 796 οὕτως
712 715 793 803 ἡμῖν
816 725 929 804 ἐχέτω
953 713 991 785 τό
1007 721 1042 784 δὲ
1056 723 1109 784 ent
1123 716 1253 798 τούτοις
1272 731 1288 780 3

198 828 264 899 ἀπό
287 836 346 914 τῆς
368 836 489 899 ἐνθέου
511 832 713 921 παραφοράς
742 835 794 897 ἐπὶ
825 827 887 911 τὴν
914 833 1069 896 ἔκστασιν
1096 835 1155 910 τῆς
1183 834 1253 898 δια-

197 948 290 1022 νοίας
312 942 372 1026 τὴν
395 947 448 1010 ἐπὶ
470 939 507 1009 τό
527 953 640 1032 χεῖρον
662 941 847 1018 ἀποπίπτει,
870 938 931 1020 τήν
954 966 987 1007 τε
1010 948 1130 1019 ἐντοῖς
1151 940 1250 1023 νοσή-

196 1078 281 1143 μασι
302 1060 553 1140 συμπίπτουσαν
575 1057 700 1138 μανίαν
721 1050 920 1140 παραλόγως
942 1057 1052 1119 αἰτίαν
1068 1051 1153 1120 εἶναί
1166 1075 1251 1144 φησι
1270 1068 1286 1117 6

197 1170 256 1248 τῆς
277 1169 444 1253 μαντικῆς.
487 1166 589 1251 χολῆς
610 1160 675 1251 γάρ
696 1166 918 1249 πλεονασμοῖς
941 1162 984 1243 ὡς
1012 1169 1100 1231 ἔστιν
1123 1161 1252 1232 ελκάσαι

196 1281 257 1360 τῆς
277 1280 433 1364 μελαίνης
461 1280 517 1342 καὶ
545 1278 655 1361 μέθης
684 1287 916 1364 παρατροπαῖς
941 1279 997 1342 καὶ
1019 1279 1058 1367 τῇ
1087 1274 1188 1370 λύσση
1209 1281 1252 1370 τῇ

197 1387 265 1456 ἀπό
294 1388 489 1458 λυσσώντων
516 1391 620 1454 κυνῶν
647 1385 874 1480 συμβαινούση
909 1387 969 1455 τόν
997 1384 1285 1473 ἐνθουσιασμόν9

197 1499 373 1581 ἀπεικάζει,
418 1503 468 1566 δεῖ
489 1502 601 1566 τοίνυν
623 1497 657 1579 έξ
683 1497 786 1585 ἀρχῆς
813 1501 983 1566 διελέσθαι
1011 1502 1083 1592 διχῇ
1109 1495 1152 1566 τά
1181 1503 1249 1581 ε’ίδη

197 1617 256 1695 τῆς
277 1610 471 1689 ἐκστάσεως,
501 1603 546 1675 ὧν
574 1606 617 1675 τά
639 1614 698 1695 μὲν
721 1613 774 1676 ἐπὶ
803 1609 841 1676 τό
867 1623 979 1699 χεῖρον
1008 1616 1252 1699 παρατρέπεται

197 1727 253 1789 καλ
275 1718 317 1789 rei
338 1728 398 1809 μὲν
420 1721 537 1798 ἀνοίας
558 1723 679 1807 πληροῖ
700 1725 757 1788 καὶ
777 1723 1048 1812 παραφροσύνης,
1070 1717 1113 1789 τά
1135 1725 1170 1789 δὲ
1191 1727 1253 1804 τῆς
1271 1721 1306 1771 ¹²

197 1834 275 1922 παρ’
295 1830 489 1922 ἀνθρώποις
512 1829 729 1920 σωφροσύνης
759 1829 930 1919 τιμιώτερα
959 1831 1082 1920 ἀγαθοὶ
1103 1839 1250 1921 παρέχει·

198 1950 255 2013 καὶ
277 1941 319 2012 τά
349 1947 409 2030 μέν
438 1946 489 2009 ἐπὶ
512 1939 573 2022 τὴν
596 1937 740 2010 ἄτακτον
768 1948 823 2010 καὶ
852 1947 1028 2031 πλημμελῆ
1055 1949 1110 2012 καὶ
1139 1941 1251 2025 ύλικὴν

198 2057 375 2124 ἀποπίπτει
398 2059 533 2136 κίνησιν,
556 2050 598 2119 roi
614 2052 644 2119 δ’
660 2056 845 2122 ἐπιδίδωσιν
858 2053 961 2123 έαυτά
976 2052 1059 2143 πρός
1074 2053 1145 2138 τὴν
1156 2055 1252 2140 ἐξάρ-
1272 2061 1306 2110 ¹5

194 2189 322 2255 χουσαν
344 2171 453 2233 αίτίαν
482 2169 537 2232 καὶ
567 2164 669 2246 αὐτῆς
690 2169 749 2245 τῆς
778 2173 812 2232 ἐν
840 2169 888 2250 τῷ
903 2164 1028 2252 κόσμῳ
1058 2166 1250 2248 διατάξεως·

197 2283 254 2346 καὶ
275 2276 318 2344 τά
340 2283 399 2364 μὲν
422 2278 466 2356 ὡς
488 2283 685 2368 έστερημένα
701 2281 759 2357 τῆς
773 2275 921 2361 γνώσεως
941 2284 1169 2368 παραφέρεται
1183 2275 1252 2345 ἀπό

197 2393 257 2458 τοῦ
272 2401 415 2482 φρονεῖν,
437 2384 480 2454 τά
495 2387 524 2454 δ’
541 2388 584 2466 ὡς
606 2385 837 2473 συναπτόμενα
852 2399 921 2467 τοῖς
936 2389 1126 2478 ὑπερέχουσι
1143 2387 1254 2471 πάσης
1272 2389 1306 2439 ¹⁸

270 2587 293 2637 1.
320 2578 407 2636 αύτοῦ
425 2582 482 2635 ΒΙ).
576 2584 600 2635 i.
629 2586 734 2636 ἔκτασιν
753 2582 786 2634 D.
881 2585 905 2634 5.
936 2578 1099 2648 ἀποπίπτει]
1119 2582 1153 2635 sic
1173 2582 1252 2643 Act),

268 2665 434 2723 ἀποπίπτειν
452 2668 486 2720 0.
571 2670 634 2720 5.6,
662 2668 777 2737 νοήμασι
797 2668 827 2720 Β.
911 2670 935 2720 8.
964 2664 1105 2734 trientali,
1132 2665 1204 2722 λύσει
1223 2668 1251 2720 C.

268 2757 293 2808 9.
313 2744 391 2820 ἐλαύ]
411 2749 467 2806 ἀπὸ
485 2752 536 2806 τῶν
561 2753 642 2807 ACD.
662 2749 673 2822 ΙΙ
696 2753 867 2820 λυσσώντων]
886 2755 920 2807 sic
940 2754 1025 2815 acl),
1052 2755 1203 2809 iuoodmr
1222 2755 1252 2816 Β,

269 2837 422 2891 λυσσάντων
440 2841 474 2890 0.
594 2842 636 2892 10.
665 2837 735 2908 εἴδη]
754 2836 806 2908 ἤδη
824 2839 855 2892 Β.
914 2853 916 2864 ’
976 2843 1019 2892 11.
1045 2831 1094 2906 ἀν]
1120 2839 1154 2900 ἀς
1172 2840 1252 2893 Act).

271 2925 312 2977 18.
340 2925 525 2990 συναπτόμενα
543 2925 576 2978 D.
598 2920 610 2992 ΙΙ
633 2923 735 2992 πάσης]
754 2925 888 2987 stenen,
916 2925 985 2980 πᾶσι
1003 2927 1036 2979 0.

197 3088 229 3144 iit
247 3088 317 3143 enim
335 3104 383 3162 per
401 3083 467 3140 baec
485 3085 559 3160 signa
578 3083 746 3141 manifestum
764 3087 836 3163 qnod
855 3089 1005 3144 extrinsece
1023 3086 1112 3144 influit
1130 3087 1254 3163 quemad-

198 3172 306 3231 modum
324 3181 351 3228 et
369 3169 482 3226 afflatus.
1196 3186 1198 3192 ⁴

141 3261 180 3320 25
270 3261 358 3335 Atque
375 3256 441 3326 baec
460 3256 538 3311 nobis
556 3258 593 3312 ita
612 3277 642 3312 se
660 3255 757 3314 babere
775 3259 914 3326 videntur3
934 3260 1007 3336 qnod
1025 3269 1114 3315 autem
1131 3278 1194 3314 mox
1213 3279 1254 3314 se·

198 3348 289 3423 quitur
306 3345 362 3401 abit
379 3362 491 3420 prorsus
504 3363 519 3396 a
531 3342 620 3398 divina
633 3342 792 3400 alienatione
804 3347 910 3413 mentis,
928 3367 959 3421 ac
972 3347 1089 3402 ecstasin
1101 3365 1169 3420 quae
1181 3365 1253 3399 men-

197 3443 253 3489 tem
275 3435 303 3488 in
321 3431 440 3488 deterius
463 3428 549 3484 flectit
575 3448 733 3506 cansamque
750 3432 869 3487 vaticinii
889 3433 1019 3507 assignat,
1037 3430 1086 3486 sed
1102 3450 1252 3507 perperam,

198 3521 329 3574 insaniam
347 3538 381 3574 ex
398 3515 552 3572 valetudine
575 3526 668 3572 ortam.
712 3527 851 3594 ‘comparat
875 3520 946 3573 enim
968 3527 1095 3594 quantum
1119 3517 1254 3572 coniicere

197 3602 263 3659 licet
280 3604 490 3659 enthusiasmum
508 3601 700 3660 melancholiae
718 3603 909 3659 redundantiae
932 3614 959 3660 et
976 3604 1113 3660 ebrietatis
1137 3603 1253 3658 concita-

197 3689 316 3745 tionibus
335 3699 362 3746 et
378 3690 462 3747 rabiei
487 3710 565 3766 quam
588 3709 668 3745 canes
691 3689 790 3745 rabiosi
814 3690 940 3746 efficiunt.
986 3710 1068 3766 quare
1090 3698 1197 3766 oportet
1219 3687 1253 3742 ab

198 3776 274 3831 initio
293 3777 410 3831 ecstasin
426 3778 454 3831 in
472 3776 539 3833 duas
556 3778 662 3855 species
680 3775 848 3833 distribuere.
894 3796 1005 3855 quarum
1022 3774 1069 3830 illa
1088 3777 1117 3830 in
1134 3774 1253 3830 deterius

198 3881 248 3917 nos
272 3860 354 3916 trabit
375 3861 521 3939 impletque
544 3864 658 3919 amentia
680 3872 708 3917 et
730 3864 920 3940 imprudentia,
944 3861 1010 3918 baec
1033 3871 1122 3918 autem
1144 3880 1253 3916 munera

199 3944 309 4004 meliora
327 3947 405 4002 nobis
423 3948 534 4025 praebet
552 3970 631 4025 quam
648 3951 737 4026 possit
753 3947 867 4005 humana
879 3948 1035 4027 prudentia;
1054 3967 1147 4003 narsus
1160 3945 1207 4002 illa
1220 3946 1253 4001 ad

199 4044 300 4090 motum
325 4030 497 4108 irregularem
523 4054 659 4091 enormem
681 4034 845 4091 materialem
867 4033 996 4102 declinat,
1023 4035 1090 4090 baec
1113 4033 1196 4088 tradit
1223 4052 1253 4087 sc

199 4119 284 4195 ipsam
296 4139 391 4176 causae
402 4117 442 4174 illi
455 4138 594 4196 supremae
607 4141 675 4196 quse
692 4123 781 4197 ipsum
799 4121 891 4177 mundi
910 4120 1032 4177 ordinem
1044 4120 1186 4197 gubernat3
1205 4117 1252 4174 illa

200 4206 350 4279 cognitione
368 4207 460 4263 orbata
479 4203 613 4262 delabitur
629 4207 662 4262 ab
680 4209 752 4262 omni
770 4207 925 4285 prudentia,
947 4205 1013 4264 baec
1036 4207 1173 4263 connectit
1192 4224 1252 4260 cum
