2776 4876
158 435 160 440 Ι
210 352 234 417 Ι,
245 354 285 406 12·
1223 356 1254 408 sl

208 511 312 587 θείας
338 531 380 574 τε
401 511 564 595 ἐνεργείας
592 511 649 591 καὶ
668 504 871 589 τελειότητος
896 507 1044 597 πρόεισιν
1070 517 1116 588 ιλς
1140 507 1179 577 τὸ
1200 518 1258 596 έμ-

208 626 321 709 φανές,
343 623 399 686 καὶ
420 618 567 706 τοσούτῳ
588 625 718 707 προέχει
739 621 797 701 τῆς
818 626 969 688 έκονσέου
990 618 1154 701 κινήσεως,
1176 619 1259 693 ὅσον

173 748 190 800 ³
208 730 230 812 ἡ
243 729 404 816 τάγαθοῦ
418 734 499 799 θελα
513 729 671 817 βούλησις
684 733 743 811 τῆς
756 734 986 820 προαιρετικῆς
999 731 1148 820 ὑπερέχειι
1158 735 1257 815 ζωῆς.

209 839 265 913 διὰ
287 845 347 924 τῆς
367 839 522 925 τοιαύτης
537 833 598 923 οὖν
610 839 797 928 βουλήσεως
813 841 980 933 ἀφθόνως
994 849 1026 910 οἱ
1041 848 1126 912 θεολ·
1134 840 1173 912 τὸ
1188 849 1259 936 φάς

209 951 449 1038 έπιλάμπουοιν
471 953 612 1039 εὐμενεῖς
634 949 726 1031 ὅντες
747 956 804 1020 καὶ
819 957 894 1038 ἵλεῳ
908 967 979 1034 τοῖς
993 960 1178 1041 θεουργοῖς,
1199 956 1259 1036 τάς

174 1079 189 1130 6
209 1089 243 1132 τε
263 1060 375 1156 ψυχάς
395 1063 503 1133 αὐτῶν
518 1071 563 1143 εές
574 1061 711 1143 ἑαυτοὺς
725 1063 987 1152 ἀνακαλούμενοι
1000 1072 1056 1134 καὶ
1071 1067 1133 1150 τὴν.
1144 1077 1259 1137 ένωσιν

209 1175 326 1255 αὐταῖς
345 1172 409 1258 τὴν
429 1173 512 1265 πρὸς
528 1173 665 1255 ἑαυτοὺς
675 1180 903 1266 χορηγοῦντες,
924 1180 1092 1259 ἐθίζοντες
1105 1205 1144 1246 τε
1156 1177 1259 1260 αὐτάς

208 1291 274 1356 καὶ,
286 1291 333 1356 its
354 1294 390 1355 έν
414 1286 540 1374 σάματι
560 1283 665 1366 οὔσας
686 1287 903 1380 ἀφίστασθαι
924 1292 991 1355 τῶν
1013 1289 1190 1376 σωμάτων,-
1204 1296 1258 1361 snt

173 1408 248 1469 υτε-
264 1396 326 1480 την
348 1399 456 1469 ἀίδιον
478 1403 536 1466 καὶ
556 1397 679 1481 νοητὴν
698 1402 825 1467 ravano
846 1394 952 1486 ἀρχὴν
972 1400 1201 1489 περιάγεσθαι

297 1514 408 1594 Δῆλον
430 1514 465 1578 δέ
486 1515 543 1578 καὶ
564 1510 622 1578 ἀπ’
642 1509 752 1579 αὐτῶν
776 1515 842 1578 τῶν
870 1515 972 1598 έργων
1000 1508 1121 1583 ὃνυνλ
1147 1541 1258 1605 φαμεν

209 1619 292 1690 εἶναι
313 1627 372 1704 τῆς
394 1625 502 1715 ψυχῆς
525 1619 700 1711 σωτήριον·
735 1629 771 1689 έν
799 1616 863 1709 γάρ
893 1628 941 1709 τῷ
962 1629 1104 1713 θεωρεῖν
1129 1623 1171 1693 roi
1192 1654 1257 1713 μοι-

157 1749 191 1801 1²
208 1731 306 1821 κάρτα
329 1731 489 1819 θεάματα
502 1733 524 1816 ἡ
538 1731 628 1825 ψυχὴ
642 1731 749 1816 ἀλλην
763 1729 850 1817 ζωὴν
864 1733 1060 1804 ἀλλάττεται
1074 1741 1129 1805 καὶ
1143 1742 1258 1825 έτέραν

209 1851 373 1934 ἐνέργειαν
395 1852 517 1934 ένεργεῖ
537 1851 592 1914 καὶ
616 1845 685 1914 οὐδ’
704 1842 887 1931 ἀνθρωπυς
909 1845 989 1914 εἶναι
1013 1848 1149 1933 ἡγεῖται,
1169 1847 1257 1916 τότε

209 1957 322 2046 ὀρθῶς
336 1957 515 2042 ἡγουμένη·
537 1955 694 2036 πολλάκις
708 1961 813 2026 δὲκαὶ
827 1953 888 2039 την
901 1963 1019 2041 ἑαυτῆς
1033 1959 1158 2053 ἀφεῖσα
1173 1957 1258 2042 ζωὴν

157 2094 191 2144 15
209 2064 270 2151 την
291 2066 545 2155 μακαριωτάτην
567 2073 634 2136 τοῖν
655 2073 748 2136 θεῶν
769 2075 933 2157 ἐνέργειαν
954 2070 1192 2153 ἀντηλλάξατο.
1230 2081 1258 2142 n

209 2179 251 2262 δὴ
272 2179 444 2268 κάθαρσιν
464 2183 590 2247 παθῶν
610 2185 666 2248 καὶ
687 2178 886 2266 ἀπαλλαγὴν
906 2187 1059 2266 γενέσεως
1082 2189 1197 2252 ἕνωσίν
1221 2210 1256 2252 τε

210 2289 294 2382 πρὸς
316 2289 376 2375 τὴν
400 2296 500 2359 θείαν
523 2288 628 2378 ἀρχὴν
651 2291 670 2374 ἡ
694 2288 750 2358 διὰ
771 2297 836 2359 τῶν
857 2291 1001 2374 κλήσεων
1030 2290 1151 2375 ἀνοδος
1171 2323 1256 2385 παρ-

278 2481 305 2531 2.
331 2481 453 2532 ἱκουσέου
472 2481 646 2550 προαιρέσεως
664 2481 710 2530 καὶ
727 2476 850 2544 κινήσεως
868 2478 932 2530 Gale
950 2495 1002 2531 not.
1087 2481 1110 2533 3.
1139 2479 1257 2553 ὑπερέχει

277 2567 372 2634 βουλῆς
389 2586 418 2618 τε
437 2564 566 2633 καλζειῇς
583 2564 648 2616 Geir
664 2576 717 2616 not.
790 2566 814 2617 9.
841 2558 882 2632 τε]
903 2569 930 2618 ἀλ
949 2567 1005 2618 ΑΙ).
1039 2572 1060 2599 ”
1084 2568 1125 2620 10.
1155 2564 1256 2635 ὃνυνλ]

279 2647 310 2704 ὃν
327 2652 363 2721 μὴ
381 2651 412 2703 Β.
498 2651 540 2704 14.
568 2653 598 2704 (λλ
613 2670 663 2704 om.
683 2654 714 2704 Α.
799 2654 839 2704 15.
868 2657 980 2725 ἀνέργειαν
997 2652 1027 2704 B.
1040 2646 1053 2721 ΙΙ
1064 2647 1255 2721 ἀπηλλάξατε]

278 2737 313 2790 ric
323 2738 404 2800 ACD,
421 2733 585 2806 ἀντηλάξοιτο
598 2737 629 2800 Β,
646 2733 776 2804 ἠλλάξατο
789 2737 823 2790 0.
1086 2769 1087 2772 ¹

210 2937 290 2997 ratur,
308 2928 440 3007 longeque
457 2930 534 2986 abest
551 2951 566 2986 a
584 2933 714 2989 tructione
732 2933 813 3001 omni,
830 2941 861 2988 ut
878 2952 945 3008 quae
963 2931 1113 2988 manifestat
1129 2953 1159 2989 se
1171 2934 1256 3010 ipsam

208 3037 257 3095 per
274 3017 390 3074 diuinam
408 3016 577 3076 efficientiam
594 3027 621 3074 et
637 3017 836 3096 perfectionem,
856 3029 984 3095 mutoque
1000 3021 1142 3077 antevertit
1153 3018 1257 3079 liberri-

208 3122 278 3161 mam
296 3107 323 3163 iu
342 3104 420 3161 uobis
438 3107 592 3172 motionem,
612 3115 711 3181 quanto
730 3104 819 3163 divina
837 3104 931 3161 volitio
942 3106 1008 3161 boni
1019 3115 1138 3161 nostram
1150 3102 1258 3162 electio·

209 3209 269 3246 uem
286 3184 454 3267 praecurrit.¹
478 3212 527 3270 per
544 3189 613 3249 hanc
629 3190 787 3249 volitionem
803 3190 891 3249 lucem
901 3211 978 3249 suam
993 3190 1033 3249 dii
1045 3192 1104 3247 siue
1115 3194 1188 3247 omui
1198 3213 1257 3269 por·

209 3276 321 3332 simouia
338 3275 462 3334 benevoli
480 3287 509 3333 et
525 3278 714 3337 misericordes
730 3276 916 3335 sacerdotibus
934 3276 1089 3345 infundunt,
1112 3297 1256 3354 conumque

208 3363 308 3418 animas
326 3362 360 3418 ad
378 3383 408 3418 se
431 3373 529 3420 vocant
551 3375 578 3421 ct
599 3367 725 3422 uuioucm
746 3366 861 3422 invicem
883 3374 1041 3442 procurant,
1064 3374 1091 3421 et
1112 3367 1256 3427 existentes
1312 3396 1315 3403 ¹

208 3450 351 3505 etiamnum
367 3450 396 3504 iu
414 3470 529 3528 corpore
544 3451 724 3514 assuefaciunt
745 3461 775 3507 ut
797 3472 812 3506 a
835 3470 948 3528 corpore
972 3471 1003 3508 se
1025 3453 1154 3529 separari,
1177 3450 1256 3507 etad

207 3545 344 3591 aeteruum
361 3533 593 3613 intellectualesque
609 3539 779 3615 principium,
801 3535 872 3594 uude
890 3546 964 3593 ortae
981 3548 1052 3606 suut,
1075 3559 1106 3595 se
1122 3540 1266 3617 patiantur.

207 3621 358 3694 circumagi.
486 3676 488 3681 ,
519 3626 523 3636 '

221 3754 225 3767 ,
278 3703 446 3763 Manifestum
467 3717 555 3765 autem
578 3720 622 3773 ess,
636 3731 675 3768 ex
696 3712 764 3788 ipsis
787 3708 886 3775 rehus‚.
905 3707 935 3763 id
957 3707 1029 3783 qaod
1051 3728 1121 3766 nuuc
1143 3710 1255 3770 dicimus

208 3796 294 3872 ipsam
317 3812 378 3848 esse
399 3794 502 3851 animae
522 3794 643 3857 salutem.
683 3817 743 3853 uam
765 3796 866 3852 beatas-
878 3796 996 3852 visiones
1018 3794 1081 3853 dum
1103 3797 1256 3874 speculatur

208 3884 302 3948 anima,
326 3879 403 3937 aliam
421 3882 502 3936 vitam
524 3881 694 3959 adipiscitur,
717 3883 782 3938 aiias
804 3883 975 3957 operationes
997 3893 1135 3960 operatur,
1156 3884 1206 3942 sed
1229 3895 1257 3941 ct

209 3969 262 4025 sibi
279 3989 328 4026 nec
347 3967 460 4044 amplius
478 3988 539 4024 esse
556 3970 586 4025 iu
602 3969 741 4026 hominum
752 3988 835 4024 ceusu
846 3966 967 4036 videtum
984 3971 1177 4028 necimmerito
1189 3969 1256 4027 illud

209 4055 330 4132 quidem
349 4077 429 4133 saepe
447 4057 545 4113 etenim
562 4075 636 4112 suam
649 4057 721 4113 exuis
732 4056 814 4111 uitam
822 4064 853 4111 -et
864 4055 1017 4113 beatissima
1028 4055 1139 4114 deorum
1151 4059 1255 4123 actione

209 4154 360 4199 commutat.
396 4145 531 4199 enimvero
555 4143 579 4197 si
601 4162 651 4219 per
671 4162 765 4220 preces
787 4141 820 4198 ad
843 4141 908 4199 deos
926 4164 1052 4202 ascensius
1071 4141 1254 4200 sacerdotibus

212 4240 332 4307 praestet
350 4252 364 4285 a
382 4230 553 4307 passionibus
565 4228 673 4305 quidem
683 4233 832 4308 puritatem,
851 4252 865 4286 a
877 4234 1045 4309 generatione
1056 4232 1254 4300 immunitatem,
