2776 4876
218 364 270 418 lea
1204 361 1232 427 3,
1242 365 1279 416 26

219 518 304 607 ἀρχὴ
333 522 398 587 τῶν
420 518 562 600 ἀληθῶν
585 513 607 599 ἢ
628 520 678 596 τίς
707 514 845 609 ἀφορμὴ
868 513 890 598 ἢ
911 512 1012 605 μικρά
1034 512 1056 598 ι’]
1078 518 1196 602 μείζων
1224 525 1279 585 ἐν·

217 629 368 720 υπάρξειε
390 634 450 712 τῆς
472 635 525 697 ἐπὶ
547 625 585 696 τό
609 636 644 696 ὲν
667 628 780 708 αὐτοῖς
794 632 965 715 ἐπιβολῆςς
989 630 1038 694 δεῖ
1053 625 1148 714 δὲμὴ
1165 628 1279 696 τοιαύ-

217 768 278 825 την
301 740 483 828 λαμβάνειν
512 740 574 823 τὴν
604 739 785 822 ἀλήθειαν,
817 745 873 807 οἵα
902 738 1021 825 γένοιτ’
1041 735 1084 807 άν
1112 764 1192 808 ποτε
1220 745 1313 808 καλε

217 849 302 921 κατὰ
332 857 523 941 συντυχίαν·
559 857 627 920 ἐπεὶ
655 857 708 919 τοί
735 877 771 937 γε
800 856 855 919 καὶ
884 861 954 929 τοῖς
982 856 1052 932 εἰκῆ
1081 857 1278 943 φερομένοις

218 970 395 1052 συμπίπτει
423 963 635 1056 γράφεσθαι·
669 965 751 1050 μηδὲ
780 961 937 1043 τοιαύτην
967 957 1022 1029 οἷα
1049 960 1092 1028 τά
1127 960 1277 1051 δράμενα

217 1073 301 1165 πρὸς
323 1073 365 1142 τά
382 1079 511 1165 δρῶντα
528 1078 743 1162 σννομολογεῖ
758 1072 956 1166 συμφώνως·
980 1068 1115 1162 καὶγάρ
1131 1078 1275 1153 καὶτοῖς
1294 1097 1312 1147 ο

216 1184 399 1269 αλσίίήσεσι
420 1190 565 1266 καὶτοῖς
580 1190 783 1279 φαντασίαις
798 1191 863 1252 τῶν
878 1182 968 1266 ζώων
988 1188 1093 1252 ταῦτα
1109 1183 1275 1254 σύνεστιν·

217 1297 311 1366 οὐδὲν
334 1291 394 1365 οὖν
416 1302 479 1386 ἔχει
494 1307 613 1366 οἰκεῖον
630 1297 703 1365 οὐδὲ
719 1301 818 1364 θεῖον
834 1297 909 1364 οὐδὲ
924 1309 1073 1386 κρεῖττον
1088 1302 1147 1379 τῆς
1161 1303 1276 1380 κοινῆς

217 1406 350 1498 φύσεως
375 1407 518 1492 ἀληθές·
541 1408 615 1476 ἀλλ’
635 1406 707 1490 ἥτις
722 1415 834 1489 ἕστηκε
849 1408 922 1474 κατ’
941 1413 1106 1498 ἐνέργειαν
1121 1408 1276 1489 ὡσαύτως
1295 1427 1312 1478 9

215 1523 272 1586 καὶ
300 1523 475 1609 παροῦσαν
504 1525 567 1607 ίχει
588 1525 654 1586 τῶν
677 1516 781 1588 όντων
809 1516 872 1602 την
901 1515 984 1600 ὅλην
1007 1520 1144 1601 είδησιν,
1172 1527 1211 1614 τῇ
1240 1548 1275 1588 τε

217 1630 316 1715 ούσίρι
331 1634 397 1696 τῶν
412 1628 616 1717 πραγμάτων
630 1628 785 1721 συμφυής
807 1638 891 1697 ἐστι·
914 1634 970 1697 καὶ
985 1629 1110 1698 ἀπτῶτι
1124 1635 1172 1718 τρῖ
1186 1630 1276 1719 λόγῳ

213 1744 413 1830 χρῆταικαὶ
436 1744 563 1819 τελείως
586 1737 654 1808 atta
676 1739 787 1809 πάντα
815 1744 871 1809 καὶ
893 1739 1067 1831 ἀραρότως
1093 1747 1149 1811 καὶ
1178 1743 1275 1832 ὡρισ-
1295 1757 1329 1807 12

215 1858 328 1939 μένως.
375 1849 498 1932 ταύτην
520 1855 560 1944 τῇ
581 1857 722 1939 μαντεία
745 1861 937 1921 συναπτέον.
982 1857 1108 1921 πολλοῦ
1132 1851 1200 1944 άροι
1225 1858 1276 1923 δεῖ

217 1959 340 2053 φυσική
363 1987 412 2041 τις
434 1962 518 2030 εἶναι
540 1961 633 2045 αὕτη,
657 1969 713 2030 οἵα
736 1969 801 2030 τῶν
816 1962 906 2044 ζώων
921 1969 1019 2042 ἐνίοις
1034 1967 1178 2051 σεισμῶν
1192 1971 1274 2034 ποτὲ

216 2079 272 2142 καὶ
294 2074 395 2142 ὑετῶν
418 2079 581 2165 ἐμπέφυκε
604 2072 778 2163 πρόληψις.
825 2071 1010 2158 συμπαθὴς
1032 2074 1096 2165 γάρ
1112 2074 1198 2159 αύτη
1214 2074 1275 2143 άλ-
1296 2095 1327 2145 15

216 2190 280 2265 λως
309 2187 484 2272 συμβαίνει
511 2190 770 2270 σνγκινουμίνων
798 2189 895 2252 τινῶν
923 2184 1014 2267 ζώων
1046 2192 1181 2276 μοίραις
1208 2193 1276 2256 τισὶ

287 2401 347 2454 i.2.
378 2396 541 2470 ἐνυπάρξειε]
560 2396 596 2450 sie
615 2399 685 2452 acl)
704 2399 802 2463 Feaeh„
830 2399 966 2471 ἐνυπάρξει
984 2401 1016 2453 0.
1112 2405 1136 2455 2.
1165 2401 1212 2472 τῆς
1231 2407 1275 2456 ἐπὶ

286 2486 319 2539 τὸ
337 2489 362 2538 ἐν
380 2479 473 2543 αὐτοῖς
491 2482 627 2552 ἐπιβολῆς]
652 2483 685 2557 τῇ
709 2479 764 2537 άπὸ
783 2486 834 2538 τῶν
856 2480 975 2554 ἀνοήτων
998 2489 1107 2562 ἐπιβολῇ
1131 2488 1188 2541 Gal.
1207 2489 1275 2541 notia

284 2587 312 2623 et
329 2569 448 2623 versione.
556 2572 580 2622 5.
608 2575 755 2640 συμπίπτει
771 2570 945 2641 γράφεσθαι]
964 2576 1124 2643 συμπίπτειν
1142 2575 1276 2646 γράφεται

286 2658 372 2724 iegiase
399 2656 495 2709 videtur
522 2653 665 2717 Seutellius,
698 2675 774 2724 quem
800 2671 919 2725 sequutus
946 2673 982 2710 eet
1010 2659 1074 2711 Gale
1101 2661 1126 2711 ia
1155 2661 1274 2713 versione.

290 2745 332 2796 15.
361 2739 507 2814 πρόληψις]
527 2741 565 2792 >sic
584 2743 632 2793 al)
649 2757 675 2794 et
693 2763 756 2796 corr.
774 2743 806 2807 B,
834 2741 982 2816 πρόσληψις
1000 2746 1033 2798 0.
1142 2749 1184 2800 16.
1210 2755 1273 2817 μοῖ-

287 2849 336 2896 ραι
353 2828 409 2881 el).

216 3027 288 3105 quod
308 3046 407 3104 quaeso
424 3029 546 3084 veritatis
568 3030 730 3107 principiam
749 3040 793 3085 aut
812 3049 880 3106 quae
899 3033 1005 3087 occasio
1028 3031 1062 3088 ad
1085 3031 1113 3088 id
1136 3032 1210 3108 quod
1231 3043 1274 3088 est

216 3113 505 3192 comprehendendum,
524 3116 582 3170 sive
600 3117 685 3171 maior
703 3117 761 3171 sive
778 3117 873 3184 minor,
891 3119 953 3173 istis
971 3117 1164 3173 insanientibus
1182 3120 1274 3174 inesse

214 3200 319 3279 possit?
346 3220 400 3256 nou
419 3210 506 3255 autem
524 3210 631 3278 oportet
657 3204 696 3258 sio
719 3200 869 3278 intelligere
891 3205 1011 3259 vaticinii
1032 3206 1172 3261 veritatem
1193 3203 1273 3272 hane,

214 3296 245 3343 ut
263 3289 291 3342 in
309 3306 368 3343 eam
385 3285 491 3342 fortuna
510 3289 570 3364 quis
589 3291 730 3366 impingat;
754 3310 816 3344 nam
837 3291 866 3345 in
885 3291 919 3345 iis
944 3311 1012 3366 quae
1034 3300 1134 3346 temere
1151 3289 1274 3346 feruntur

215 3395 245 3430 ea
264 3374 360 3430 eadere
378 3374 511 3430 scribitur.
557 3373 605 3430 sed
624 3395 674 3431 nee
692 3395 722 3430 ea
741 3385 782 3431 est
800 3376 899 3431 veritas
919 3395 986 3451 quae
1005 3385 1047 3431 est
1064 3378 1134 3432 inter
1151 3397 1232 3452 agens
1246 3387 1274 3432 et

213 3462 320 3537 patiens
340 3461 445 3535 quoties
464 3469 537 3516 reete
555 3469 583 3515 et
600 3480 715 3536 congrue
733 3481 763 3516 se
780 3460 887 3516 hahent.
933 3480 994 3516 nam
1005 3459 1158 3518 huiusmodi
1171 3465 1273 3518 veritas

185 3587 187 3590 >
215 3547 283 3622 ipsis
302 3545 442 3616 brotonam
459 3544 609 3623 phantasiis
629 3557 656 3602 et
674 3546 798 3603 sensibus
816 3549 900 3612 inest;
919 3546 987 3603 nihil
1005 3549 1094 3624 itaque
1111 3547 1192 3603 habet
1210 3569 1273 3627 pro·

214 3631 303 3706 prium
321 3641 367 3687 aut
385 3632 504 3688 divinum
528 3643 573 3689 aut
595 3631 690 3688 melius
713 3635 847 3689 communi
870 3643 971 3690 natura.
1017 3635 1066 3690 sed
1084 3637 1183 3692 veritas
1206 3637 1273 3691 vati·

216 3716 279 3771 einii
297 3726 351 3771 stat
372 3718 401 3772 in
419 3727 479 3774 actu
498 3718 593 3774 eodem
610 3718 691 3774 modo
709 3729 737 3774 et
754 3739 843 3775 rerum
866 3721 985 3776 omnium
1002 3731 1172 3797 praesentem
1189 3719 1272 3776 habet

215 3803 403 3876 cognitionem,
421 3823 510 3859 rerum
528 3807 653 3860 essentiis
671 3804 826 3861 naturaliter
843 3805 998 3883 respondet,
1021 3808 1106 3863 utitur
1122 3806 1271 3863 rationibus

213 3904 269 3941 non
287 3886 451 3953 errantibus3
467 3889 586 3965 perfecte
603 3901 666 3970 apte
683 3902 711 3947 et
728 3901 803 3949 eerto
821 3894 898 3948 novit
915 3893 1011 3946 omnia.
1056 3891 1121 3948 haee
1134 3894 1215 3968 igitar
1225 3913 1271 3948 va·

214 3972 309 4028 ticinio
328 3972 461 4027 convenit.
505 3972 583 4051 longe
602 3997 664 4055 ergo
683 3977 757 4034 aliud
769 3987 811 4034 est
823 3999 902 4055 quam
913 3976 1041 4034 naturalis
1054 3979 1184 4054 quaedam
1194 3998 1271 4056 prae-

214 4058 315 4125 sensio,
335 4053 420 4132 qualis
439 4065 525 4114 terrae
542 4073 662 4120 motuum
674 4075 701 4121 et
713 4063 863 4142 pluviarum
875 4064 1034 4141 quibusdam
1046 4065 1206 4121 conceditur
1215 4066 1271 4120 ani·

213 4142 335 4200 malibus.
380 4144 431 4199 ista
454 4145 524 4199 euim
546 4150 696 4226 sympathia
714 4151 844 4226 contingit
866 4152 972 4227 quoties
996 4151 1122 4207 nonnulla
1146 4149 1270 4208 animalia

214 4247 265 4285 une
288 4238 446 4286 moveantur
467 4249 527 4287 eum
548 4233 670 4311 partibus
690 4237 846 4312 viribusque
870 4237 1028 4313 quibusdam
1050 4238 1142 4295 mundi
1166 4236 1269 4314 aliquid
