2776 4876
156 355 208 422 8,5
1157 360 1211 414 aot

156 511 210 601 ἐφ’
229 510 337 595 ἡμῶν·
368 514 447 578 νοῦν
470 514 583 578 τεκαὶ
606 509 707 596 λόγου
736 510 1003 597 προστησάμενοι
1032 515 1116 581 aaut
1135 523 1212 583 tav-

157 618 231 701 τοάς
253 617 362 701 ὄντας,
390 619 494 700 οὕτως
516 625 797 709 δημιουργιῖσθαί
823 647 911 714 φασι
939 621 981 689 τά
1010 623 1208 710 γιγνόμενα·

121 731 355 823 ,ιαροπάτορά
383 757 418 800 τε
448 737 514 802 τῶν
541 740 578 800 ἐν
604 739 726 819 γενέσει
754 731 955 825 δημιουργὸν
983 735 1211 822 προτάετουσι,

155 849 211 911 καὶ
235 840 296 925 τὴν
317 840 382 930 πρὸ
403 849 465 911 τοῦ
487 844 633 933 οὐρανοῦ
655 851 711 912 καὶ
733 845 794 928 την
816 854 851 912 ἐν
865 826 1059 932 τῷόὐρανῷ
1074 846 1212 931 ζωτικὴν

156 953 296 1040 δύναμιν
319 953 549 1040 γιγνώσκουσι·
571 955 730 1044 καθαρόν
751 982 786 1024 τε
808 963 889 1025 νοῦν
909 960 990 1044 ὑπὲρ
1011 957 1072 1026 τὸν
1085 958 1212 1046 κόσμον

120 1070 371 1150 επροτιθέασι,
397 1070 454 1134 καὶ
484 1074 542 1133 ἕνα
563 1067 743 1155 ἀμέριστον
772 1075 808 1134 ἑν
830 1067 897 1154 ὅλῳ
923 1076 969 1156 τῷ
999 1071 1126 1158 κόσμῳ,
1155 1077 1212 1140 καὶ

157 1179 354 1268 διῃρημένον
382 1181 432 1242 ἐπὶ
464 1176 575 1257 πάσας
596 1179 658 1257 τὰς
685 1185 834 1270 σφαίρας
862 1188 982 1269 ἕτερον.
1027 1189 1211 1251 καὶταῦτα

157 1286 231 1369 οὐδὲ
254 1286 341 1373 λόγῳ
363 1291 453 1376 ψιλῷ
475 1293 673 1376 θεωροῦσιν,
702 1288 866 1358 ἀλλὰκαὶ
889 1290 945 1358 διά
967 1300 1027 1376 τῆς
1049 1301 1212 1381 ἱερατικῆς

121 1401 339 1486 οθεουργίας
360 1399 560 1484 ἀναβαίνειν
582 1406 636 1468 ἐπὶ
658 1399 701 1469 cd
727 1402 921 1493 ὑψηλότερα
943 1412 1000 1473 καὶ
1025 1405 1212 1474 καθολικώ-

155 1533 234 1596 τερα
255 1514 312 1578 καὶ
335 1514 394 1593 τῆς
408 1517 605 1600 εἱμαρμένης
618 1512 833 1602 ὑπερκείμενα
847 1521 1112 1606 παραγγέλλουσι
1125 1515 1210 1601 πρὸς

157 1617 217 1685 τὸν
244 1617 330 1688 θεὸν
357 1627 414 1690 καὶ
442 1622 658 1711 δημιουργόν,
687 1623 770 1711 μήτε
799 1624 882 1708 ὕλην
910 1635 1212 1715 προσποιουμένους

103 1753 138 1804 12
156 1727 238 1814 μήτε
269 1729 352 1800 ἀλλο
386 1758 419 1800 τι
452 1735 870 1823 προσπαραλαμβάνοντας
901 1735 923 1821 ἢ
958 1738 1064 1824 μόνον
1096 1745 1212 1826 καιροῦ

156 1842 394 1932 παρατήρησιν.

240 1952 457 2044 Ὑφηγήσατο
481 1962 516 2025 δὲ
538 1962 593 2025 καὶ
615 1957 742 2042 ταύτην
763 1958 825 2042 τὴν
848 1958 929 2028 ὁδὸν
948 1961 1086 2051 Ἑρμῆς·
1108 1961 1249 2050 ἡρμή-ίί

103 2081 137 2132 tt
155 2088 246 2133 νιυσε
274 2068 309 2132 δὲ
338 2069 442 2146 Βίτυς
469 2067 644 2160 προφήτης
671 2067 817 2155 Ἄμμωνι
849 2075 981 2157 βασιλεῖ
1015 2080 1051 2139 ἐν
1079 2072 1212 2151 ἀδύτοις

227 2200 251 2250 5,
278 2197 465 2268 γιγνώσκουσι]
489 2201 524 2251 ric
549 2200 610 2264 AD,
642 2200 799 2269 pertinacem
821 2203 853 2255 Ο.
966 2204 991 2256 8.
1021 2199 1097 2270 οὐδὲ]
1120 2205 1157 2256 tic
1180 2208 1213 2268 A,

226 2280 287 2338 οὔδ’
306 2283 372 2345 ὅλως
394 2286 424 2337 0,
448 2280 460 2353 ΙΙ
481 2283 547 2354 λόγῳ
571 2285 655 2352 ψίληι]
679 2287 714 2338 sic
736 2291 771 2349 A,
799 2292 867 2354 φίλῳ
891 2286 957 2355 λόγῳ
982 2290 1019 2350 0,
1046 2292 1114 2356 ψίλῳ
1139 2290 1210 2344 BCD

225 2372 313 2425 Pescia.
332 2373 402 2438 Βιρι,
429 2376 503 2432 ἴσας’
526 2375 727 2444 ψιλοθειιροῦσι
743 2394 829 2440 margo
847 2373 880 2435 B,
903 2377 934 2428 cf.
953 2374 1061 2428 Creurer
1077 2377 1166 2448 Symb.
1186 2380 1211 2440 2,

226 2452 672 2526 270.ε(1.ῑεεῑ.ΙΙδιά]1ιιὶΑο1).
745 2460 770 2512 9.
798 2456 944 2532 ῦψιίιάτεροι
961 2461 995 2513 D.
1068 2464 1110 2515 10.
1139 2484 1211 2535 παρ-

226 2548 364 2613 αγγίλουσι
382 2547 429 2616 Α.4
467 2546 529 2599 ’15.
557 2547 640 2606 Βίτυς
653 2544 806 2618 προφήτης]
826 2545 892 2609 bitis,
910 2547 1021 2599 Fieiuus.
1049 2548 1121 2620 Bitya
1134 2550 1212 2601 libro·

226 2653 282 2684 rum
301 2631 502 2685 Hermeticorum
524 2631 646 2702 interpres
670 2632 784 2702 alioquin
806 2633 905 2699 ignotus
927 2634 990 2686 infra
1011 2635 1052 2698 10,
1067 2637 1082 2686 7
1099 2636 1212 2688 recurrit.

224 2739 307 2785 regern
327 2718 432 2791 Aegypti
451 2719 651 2789 antiquissimum
665 2720 756 2782 Bitem,
774 2721 806 2771 ab
818 2720 928 2773 Eusebio
940 2741 1042 2774 armeno
1054 2721 1093 2788 (i,
1107 2723 1160 2774 200
1172 2725 1211 2776 ed.

225 2803 336 2870 tucher)
355 2821 528 2868 muneratum,
546 2809 653 2859 eundem
672 2827 748 2876 quam
767 2820 877 2857 nostrum
897 2826 948 2858 esse
965 2823 1046 2860 censet
1065 2808 1212 2862 Βοιωτοῖσι.

227 2895 286 2956 Aeg.
306 2892 381 2943 Stelle
401 2895 429 2955 1,
450 2895 513 2960 1023
536 2897 560 2958 5,
584 2895 743 2947 220—224.
764 2887 777 2962 ΙΙ
793 2889 910 2964 Ἄμμωνι
927 2893 1043 2960 βασιλεῖ]
1063 2895 1128 2947 iuter
1144 2915 1212 2963 reges

227 2979 332 3048 Aegypti
351 2995 489 3031 recensetur
504 2977 609 3050 Ἀμμών
627 2980 749 3050 ἡμίθεος.
778 2980 855 3031 Afric.
878 3000 906 3030 er
925 2981 1036 3031 Manetb.
1060 2983 1127 3051 apud
1147 2985 1212 3053 Syn·

227 3065 317 3117 ceilum
338 3068 450 3134 p.19P;
471 3069 494 3129 1,
513 3069 546 3120 33
567 3064 645 3119 Diud.
672 3068 702 3118 cf.
726 3067 846 3118 Mercurii
864 3065 956 3119 Trism.
976 3067 1113 3118 Poemaud.
1138 3087 1163 3135 p.
1176 3069 1210 3122 89

227 3155 265 3204 ed.
285 3153 398 3205 Turneb.
421 3153 465 3204 ubi
489 3153 577 3219 iegitur
600 3151 658 3224 ὅροι
678 3148 838 3222 Ἀσκληπιοῦ
862 3153 929 3223 πρὸς
943 3149 1069 3222 Ἄμμωνα
1091 3155 1211 3220 βασιλέα.

239 3233 374 3310 [ΙἎμμονι
392 3243 422 3293 Α.

156 3366 205 3425 per
223 3367 254 3402 se
271 3349 387 3403 existere
405 3346 527 3414 creduut,
545 3355 573 3401 et
591 3347 631 3402 sic
643 3355 738 3400 eunom
750 3344 810 3400 fieri
823 3345 983 3400 existimant.
1028 3353 1109 3420 atque
1120 3364 1212 3401 eorum

156 3454 224 3510 quoe
242 3436 350 3488 suntin
372 3436 464 3508 genesi
486 3434 602 3509 primum
625 3441 652 3487 et
674 3433 847 3509 praecipuum
871 3440 974 3507 patrem
995 3429 1129 3487 affirmant
1151 3450 1212 3485 esse

156 3520 290 3595 opificem.
336 3521 481 3593 quinetiam
499 3520 554 3573 vim
575 3515 686 3573 vitalem
707 3528 764 3573 tum
788 3538 868 3594 supro
887 3515 976 3572 caelos
999 3526 1055 3572 turn
1078 3518 1106 3571 in
1129 3514 1212 3572 caelis

98 3653 100 3657 .
156 3615 317 3682 agnoscunt:
344 3608 409 3661 item
436 3625 533 3682 pamm
559 3603 726 3660 intellectum
753 3603 887 3661 collocant
912 3623 995 3680 supra
1016 3601 1157 3671 mundum,
1185 3613 1213 3658 et

156 3712 238 3764 nuum
255 3691 445 3770 impartibilem
462 3695 489 3748 iu
507 3701 566 3746 toto
584 3690 691 3759 maudo,
712 3702 739 3748 et
756 3690 837 3747 alium
852 3710 901 3767 per
913 3709 1006 3745 eraues
1018 3687 1146 3766 sphaeras
1159 3688 1213 3746 dis·

156 3781 292 3836 tributum
341 3799 429 3855 neque
445 3777 505 3834 sola
521 3779 625 3836 ratione
641 3775 708 3834 haee
723 3774 904 3854 speculentur,
923 3776 1068 3832 sedetiam
1085 3797 1134 3852 per
1151 3774 1213 3832 redi»

156 3870 247 3945 giosas
268 3867 441 3944 operationes
454 3863 599 3921 hortantur
617 3863 782 3921 adscendere
805 3862 840 3919 ad
860 3865 1001 3940 superiore
1019 3860 1211 3920 universaliora

157 3963 185 4009 et
202 3954 236 4009 ad
253 3974 283 4008 eo
302 3973 370 4027 quoe
389 3971 468 4028 supro
488 3949 578 4018 fatum,
603 3970 699 4027 nempe
716 3949 751 4004 od
768 3947 847 4004 deum
867 3951 955 4027 ipsum
973 3950 1107 4027 opificem,
1126 3967 1212 4023 neque

157 4041 293 4095 materiam
315 4038 494 4106 adfectantes,
521 4057 571 4092 nee
594 4036 667 4092 alind
691 4036 836 4113 quidquem
853 4048 960 4114 praeter
977 4037 1124 4115 opportuni
1148 4043 1213 4088 tem·

156 4128 231 4203 poris
250 4126 446 4181 observantius
464 4125 614 4181 afferentes.

228 4210 339 4267 Hermes
361 4221 450 4268 εοῐειι
473 4214 553 4268 etiam
579 4210 648 4268 haue
671 4210 705 4267 ud
728 4213 867 4289 superiora
888 4213 959 4267 vium
979 4209 1077 4264 docuit
1101 4210 1249 4284 eamque5

160 4298 237 4372 Bitys
255 4297 387 4375 prophete
406 4300 540 4357 inventam
558 4301 586 4355 iu
604 4300 729 4355 sacrariis
752 4297 786 4353 od
804 4296 868 4354 Soin
887 4300 915 4353 in
933 4298 1057 4373 Aegypto
1081 4291 1213 4371 hierogly-
