2776 4876
161 369 202 411 ιιι
413 351 465 409 Tb.
478 351 562 419 ¹Galei
580 363 742 431 conspectus
760 355 844 409 totins
862 355 962 429 operis.

607 511 725 568 Sectio
748 517 773 565 5.

236 613 256 661 Ι.
292 605 437 662 Acceditur
455 607 488 661 ad
507 606 656 662 doctrinam
679 606 712 662 de
737 607 929 663 sacrificiorum
946 609 975 661 vi
998 615 1090 662 natura
1114 615 1143 660 et
1167 607 1218 660 nti-

162 703 245 758 litate.
291 698 445 756 sacerdotes
464 699 563 755 debent
581 701 716 756 abstinere
735 701 768 756 ab
791 699 960 767 animalibus,
985 700 1079 755 obiicit
1097 698 1218 777 Porphy-

162 799 227 862 rius,
245 815 279 850 ne
298 794 402 851 scilicet
420 795 457 850 dii
477 815 569 850 eornm
587 795 726 851 nidoribus
744 796 909 861 inficiantur,
933 815 993 851 cum
1012 797 1119 850 interim
1137 794 1219 850 iidem

163 893 275 946 maxime
294 893 354 946 istis
373 892 518 966 capiantur.

234 990 259 1039 2.
297 983 459 1039 Ostenditur
477 983 542 1039 deos
561 987 664 1040 etiamsi
684 1003 796 1060 corpora
816 993 907 1059 regant
930 994 957 1038 et
975 983 1122 1059 gubernent
1144 982 1219 1039 nullo

166 1077 246 1134 modo
265 1079 298 1133 ab
318 1080 351 1133 iis
370 1077 441 1133 affici
460 1089 505 1134 aut
523 1098 584 1134 sese
603 1078 636 1133 ad
654 1098 701 1135 eos
721 1088 886 1134 convertere.

234 1177 260 1229 3.
297 1173 338 1228 Ex
357 1171 406 1228 bac
424 1175 529 1228 ratione
547 1171 681 1248 colligitur
699 1174 828 1229 sacrificia
852 1175 960 1229 nonita
979 1171 1081 1237 valere,
1104 1182 1135 1226 ut
1151 1171 1219 1227 deos

165 1266 303 1345 impellant
320 1265 373 1322 buc
391 1265 455 1323 illuc
474 1277 519 1322 ant
537 1266 570 1322 ad
588 1287 618 1322 se
637 1266 813 1323 conforment:
838 1265 887 1322 sed
906 1277 997 1322 contra
1015 1264 1081 1322 baec
1100 1265 1134 1322 ad
1152 1266 1219 1322 deos

165 1381 224 1418 sese
242 1362 451 1418 accommodare.

237 1463 261 1511 4.
297 1455 369 1512 Jtem
392 1455 464 1531 quod
487 1456 618 1512 sacrificia
641 1459 698 1512 suis
722 1456 861 1512 nidoribus
886 1454 960 1510 nnllo
987 1455 1067 1511 modo
1090 1455 1125 1511 ad
1152 1455 1219 1512 deos

166 1553 318 1628 pertingere
343 1560 466 1628 possunt.
517 1549 555 1605 dii
581 1553 717 1607 materiam
744 1552 893 1606 absumunt.
948 1550 1072 1607 caelestia
1105 1569 1219 1627 corpora

166 1664 227 1700 cum
244 1642 450 1700 elementaribus
468 1645 696 1723 impermiscibilia
714 1643 895 1700 immutabilia.
941 1643 1025 1700 multo
1043 1648 1127 1722 magis
1146 1645 1192 1701 dii

238 1744 263 1793 5.
300 1739 343 1794 De
366 1738 515 1795 sacrificiis.
573 1759 627 1794 non
649 1737 760 1795 honoris
788 1760 841 1795 non
869 1740 1011 1814 gratiarnm
1037 1737 1218 1795 habendarum

166 1851 245 1888 causa
263 1830 347 1888 fnisse
364 1835 495 1900 instituta,
513 1853 563 1889 nec
581 1854 641 1889 esse
659 1844 794 1910 tamqnam
812 1835 952 1911 primitias,

236 1930 262 1982 6.
298 1925 365 1982 lllira
384 1926 430 1983 illa
449 1927 567 1984 efficacia
579 1930 770 1985 sacrificiorum
783 1931 809 1983 in
823 1926 900 1983 malis
913 1926 1077 2003 quibuslibet
1089 1927 1218 1985 tollendis

167 2020 299 2096 bonisque
316 2021 492 2098 procurandis
510 2044 543 2078 ex
561 2022 713 2079 istiusmodi
732 2025 819 2078 causis
837 2042 892 2077 non
910 2022 1068 2078 ostenditur.

238 2119 264 2170 7.
299 2114 354 2171 Sed
373 2136 421 2172 nec
440 2137 473 2172 ex
490 2120 610 2174 universi
628 2119 799 2193 omniumque
818 2119 874 2172 eius
893 2119 1097 2193 partinminter
1115 2137 1145 2173 se
1157 2138 1219 2174 con·

169 2211 294 2265 sensionc
312 2209 466 2287 explicatur.
511 2211 549 2267 dii
569 2213 668 2289 quippe
687 2231 768 2289 snpra
786 2221 913 2267 naturam.

238 2306 263 2360 8.
298 2303 355 2361 Nec
373 2304 488 2381 deniqne
505 2307 587 2361 tribui
606 2306 686 2362 debet
704 2316 749 2361 aut
761 2308 877 2361 numeris
896 2305 1054 2381 quibusdam
1072 2316 1117 2361 ant
1134 2310 1220 2385 speci·

166 2398 226 2454 ficis
246 2398 411 2475 quorundam
430 2399 581 2456 animalium
594 2400 794 2478 operationibus
806 2410 852 2455 aut
867 2398 1003 2455 coloribus
1015 2410 1060 2454 aut
1071 2403 1200 2478 partibus.

236 2496 263 2550 9.
300 2492 388 2550 Causa
406 2497 588 2570 antiquissima
607 2504 695 2550 tantae
712 2497 741 2550 in
753 2495 893 2551 sacrificiis
910 2493 1043 2549 efficaciae
1055 2505 1098 2550 est
1109 2495 1219 2552 deornm

166 2607 228 2664 erga
246 2608 293 2644 sua
312 2609 393 2666 opera
416 2609 498 2657 amor,
522 2588 693 2645 efficientium
716 2609 776 2665 erga
799 2589 901 2644 effecta.
946 2591 974 2643 in
997 2589 1116 2666 perfecto
1139 2593 1220 2648 sacri·

167 2683 230 2739 ficio
253 2692 309 2738 tota
335 2683 506 2739 efficientium
530 2682 681 2738 divinorum
704 2693 796 2738 catena
824 2692 1013 2738 commovetur.
1066 2704 1114 2738 cur
1136 2685 1218 2763 aliqui

168 2778 254 2852 geniis
273 2776 364 2833 offerri
383 2778 514 2834 sacrificia
532 2786 677 2844 autument,
695 2776 740 2832 alii
759 2777 869 2832 deorum
886 2777 989 2832 viribus
1007 2775 1122 2849 ultimis,
1143 2780 1220 2836 multi

168 2871 318 2928 mundanis.

239 2969 278 3020 lo
317 2964 455 3022 Praedicta
474 2967 561 3020 omnia
578 2986 661 3043 posse
681 2976 813 3042 tamquam
832 2986 925 3021 causas
943 2966 1114 3021 secundarias
1132 2963 1220 3020 effica-

168 3061 224 3116 ciae
241 3062 268 3116 io
288 3061 427 3116 sacrificiis
446 3059 557 3115 admitii.
598 3081 691 3116 causas
704 3080 796 3115 omnes
809 3062 887 3126 uniri,
907 3071 934 3116 et
946 3060 1123 3116 subordinari.
1161 3057 1220 3113 dae·

167 3175 260 3211 mones
278 3174 332 3210 non
351 3152 457 3209 aluntur
473 3156 641 3209 victimarum
665 3153 812 3210 nidoribus.
857 3156 960 3210 animae
982 3153 1112 3231 perfectio
1135 3171 1219 3217 mens,

168 3259 276 3305 naturae
294 3250 388 3304 anima.

240 3348 279 3399 11.
316 3341 427 3399 Materia
445 3342 637 3398 sacrificiorum
655 3361 709 3398 non
727 3354 843 3420 possunt
860 3342 895 3398 ali
913 3343 1071 3410 daemones,
1095 3342 1220 3417 qnoniam

168 3440 235 3515 ignis
254 3458 311 3493 eam
329 3437 444 3494 absumit
461 3454 582 3513 prorsus,
601 3436 823 3512 quemadmodum
841 3448 868 3493 ct
886 3437 992 3494 divinas
1010 3439 1079 3514 ignis
1092 3436 1178 3491 omnia
1191 3437 1220 3489 in

167 3531 246 3586 nobis
264 3541 369 3587 terrena
387 3540 516 3608 expurgat
533 3532 629 3606 suique
647 3529 736 3585 reddit
754 3531 859 3587 similia.

241 3629 279 3681 12.
316 3624 476 3682 Vehiculum
498 3625 656 3681 daemonum
680 3644 729 3680 nec
757 3647 789 3682 ex
814 3628 924 3682 materia
946 3646 995 3681 nec
1020 3645 1053 3681 ex
1080 3624 1219 3680 elementis

167 3726 281 3774 constat
327 3721 396 3794 ignis
414 3723 456 3776 vis
474 3721 619 3798 purgativa

239 3814 280 3866 13.
317 3810 458 3868 Transitus
476 3814 509 3869 ad
527 3812 682 3870 ulteriorem
699 3812 891 3869 sacrificiorum
908 3813 1118 3892 explicationem.

241 3908 281 3961 14.
317 3905 436 3961 Deorum
454 3906 591 3964 ordinibus
610 3907 773 3985 respondere
790 3909 929 3965 sacrificia.
977 3908 1089 3964 deorum
1107 3904 1153 3960 alii
1166 3925 1220 3959 ma·

168 3998 275 4057 teriales
303 3998 348 4054 alii
372 3998 565 4055 immateriales.
614 4001 794 4058 materialibus
819 4004 927 4058 materia
956 4005 983 4056 iu
1010 4002 1095 4057 sacris
1122 3998 1222 4055 adferri

168 4103 240 4149 recte
258 4101 356 4169 potest.

244 4191 282 4243 15.
319 4183 464 4262 Duplicem
482 4205 543 4241 esse
561 4197 681 4243 nostrum
702 4199 815 4255 statum3
839 4211 978 4268 operamur
1000 4189 1066 4245 alias
1091 4197 1120 4243 ut
1141 4185 1221 4243 liberi
