2776 4876
200 364 235 418 ro
326 343 330 347 ’
1194 362 1245 426 aa

294 514 463 601 Τοσαίιης
484 511 544 586 οὖν
565 514 667 601 σι’ίσης
688 515 842 586 καθόλου
868 521 1036 607 διαφορᾶς
1063 524 1100 586 δν
1125 516 1248 597 αὐτοῖς,

200 632 306 700 aunan
327 634 376 698 to
396 629 627 722 ἀμφισβητεῖν,
650 635 682 696 εί
704 628 825 711 δήποτε
847 636 882 696 εν
896 629 1010 708 αὐτοῖς
1023 633 1093 696 tort
1106 624 1147 695 τὸ
1161 650 1248 715 παρ-

199 738 376 809 αλλάττον·
397 733 479 835 ᾗπερ
495 738 536 824 δὴ
557 745 621 829 έγει
643 739 771 833 φύσεως
785 744 890 808 ταῦτα
904 748 1034 820 ἕκαστα,
1054 737 1159 832 ταύτῃ
1173 742 1247 806 δια·-
1265 752 1280 804 t

198 858 323 944 κριτέον
345 857 450 920 ταῦτα
472 852 529 920 ἀπ’
549 849 715 934 αλλήλων·
741 856 796 919 καί
818 851 903 918 καθ’
919 848 1001 918 ὅσον
1014 848 1154 918 δύναται
1170 848 1247 918 σίν·

199 967 279 1033 odor
299 967 474 1032 ποιεῖσθαι
494 968 590 1050 μίαν,
616 959 701 1030 κατὰ
723 968 884 1031 τοσοῦτον
904 959 966 1044 τὴν
991 967 1168 1030 κοινωνίαν
1188 961 1248 1029 οὐ·

198 1080 264 1143 τῶν
285 1079 491 1162 θεωρητέον·
513 1072 598 1142 οὕτω
620 1072 684 1162 γὰρ
707 1070 750 1142 δίν
773 1100 821 1153 τις
842 1073 951 1142 αὐτῶν
965 1077 1127 1156 δυνηθείη
1142 1073 1281 1165 duur-t

199 1190 262 1264 δαῖς
284 1188 474 1272 περιλαβεῖν
496 1191 552 1254 καί
573 1189 719 1271 διορίσαι
737 1190 836 1272 χωρίς
858 1181 919 1266 τὴν
940 1189 1080 1253 ίννοιαν.

161 1307 181 1365 3
284 1297 368 1365 Ἀλλ’
383 1303 436 1365 ἐπὶ
450 1296 511 1377 τοὶς
525 1301 718 1389 ἐπιφανείας
731 1295 840 1363 αὐτῶν
854 1299 1043 1383 βαδιοῦμαι.
1079 1301 1111 1364 τί
1125 1295 1247 1378 δήποτε

197 1414 306 1496 έχουσι
326 1405 367 1475 τὸ
389 1408 570 1499 διάφορονς
592 1411 749 1490 ἐπιζητεῖς
770 1405 843 1492 γάρ,
864 1411 897 1474 τί
918 1405 956 1475 νδ
978 1406 1148 1495 γνώρισμα
1162 1410 1281 1475 droit

197 1525 384 1610 παρουσίας
402 1514 426 1600 ἢ
447 1518 588 1606 ἀγγέλου
613 1516 635 1602 ἦ
656 1519 862 1609 ἀρχαγγέλου
888 1516 1091 1607 ἢδαίμονος
1116 1517 1138 1600 ἥ
1159 1540 1248 1597 τινος

198 1629 359 1719 ἄρχοντος
379 1627 404 1712 ἢ
424 1635 541 1720 φιηςῆς.
578 1631 626 1699 ἑνί
648 1634 707 1718 μὲν
730 1623 790 1699 οὖν
804 1626 892 1716 λόγῳ
908 1644 980 1709 ταῖς
994 1629 1248 1708 οὐσίαιςαιίνοῖν

197 1747 254 1809 καί
276 1741 432 1828 δυνάμεσι
454 1747 509 1810 καὶ
534 1748 709 1828 ἐνεργείαις
736 1742 796 1820 τὰς
824 1745 1017 1834 ἐπιφανείας
1044 1738 1247 1832 ἄφορίζομαι
1266 1752 1298 1803 12

198 1850 282 1920 εἶναι
303 1853 584 1939 ὁμολογουμένας·
621 1852 686 1922 οἷοι
713 1852 777 1941 γάρ
806 1859 885 1921 ποτέ
915 1861 991 1933 εἰσι,
1019 1858 1163 1921 τοιοῦτον
1190 1857 1247 1920 καί

196 1975 267 2042 τοῖς
288 1966 552 2050 ἐπικαλουμένοις
577 1972 822 2058 ἐπιφαίνονται,
851 1969 1019 2052 ἐνεργείας·
1039 1981 1075 2031 τε
1103 1964 1248 2054 ἀναφαί-

197 2094 298 2156 νουσι,
321 2081 377 2143 καί
399 2079 487 2154 ίδέας
508 2082 637 2156 ἑαυτοῖς
659 2076 856 2167 συμφώνους
877 2083 933 2142 καὶ
947 2080 1160 2166 γνωρίσματα
1174 2081 1247 2143 ίαν·
1265 2084 1297 2135 15

197 2191 263 2254 τῶν
284 2184 326 2253 rol
349 2194 452 2254 otreio
475 2188 733 2257 ἐπιδεικνύουσιν.

281 2297 337 2377 Ὡς
360 2295 400 2380 δὴ
422 2299 506 2366 καθ’
525 2307 663 2367 ἕκαστον
677 2303 904 2389 διορίσασθαι,
924 2301 1082 2386 μονοειδῆ
1102 2305 1162 2382 μέν
1176 2307 1247 2364 ἐστι

197 2409 361 2500 φάσματα
382 2407 423 2476 roi
446 2415 511 2479 τῶν
533 2416 633 2493 θεῶν,
655 2409 699 2479 τὰ
721 2415 755 2479 δὲ
778 2414 843 2478 τῶν
858 2409 1025 2497 δαιμόνων
1039 2413 1180 2490 ποικίλα,
1203 2406 1246 2476 τὰ
1264 2425 1297 2476 18

268 2600 291 2650 i.
318 2594 456 2662 καθόλου]
475 2597 657 2657 aioVelaenius,
685 2593 753 2651 καθ’
766 2596 816 2651 ὅλοι
832 2599 868 2661 D,
896 2594 1005 2651 καθόλοι
1024 2597 1057 2649 0.
1122 2661 1124 2666 Α
1147 2599 1171 2649 3.
1200 2592 1244 2663 δὴ]

266 2683 301 2735 εἰσ
320 2685 350 2744 Α,
368 2685 395 2735 δὲ
414 2684 446 2735 0.
466 2677 478 2750 ll
499 2681 612 2751 φύσιας]
630 2683 665 2734 εἰσ
684 2685 744 2747 ΑΙ),
772 2685 850 2753 φύσις
869 2685 902 2736 Ο.
1011 2686 1051 2736 17.
1071 2680 1120 2750 δη]
1139 2684 1167 2734 ot
1187 2683 1244 2734 Al).

277 2763 290 2834 ΙΙ
302 2770 481 2838 διορίσασθαι
498 2766 527 2819 C.

268 2931 354 2989 Tanta
371 2936 451 3010 igitur
467 2939 496 2990 in
513 2925 608 3011 genere
626 2957 675 3013 per
692 2940 780 2993 omnia
798 2958 859 2994 cum
877 2939 913 2993 sit
930 2939 1000 2992 inter
1017 2936 1067 2991 hos
1086 2935 1244 3002 differentia,

197 3034 251 3074 nou
269 3018 382 3097 amplius
401 3029 507 3097 oportet
518 3022 658 3098 ambigere,
677 3023 742 3099 quid
757 3026 794 3079 sit
806 3023 878 3100 quod
890 3038 937 3079 eos
950 3022 1107 3097 distinguat:
1125 3030 1156 3076 ut
1167 3034 1246 3099 quae·

197 3119 249 3182 que
267 3116 294 3161 et
313 3116 442 3182 qnatenus
460 3124 520 3163 sese
539 3107 637 3165 hahent
653 3112 682 3165 in
700 3118 799 3177 natura,
819 3118 928 3166 eatenus
947 3109 1060 3164 suntab
1079 3109 1193 3163 invicem
1206 3107 1246 3163 dl·

196 3192 367 3269 stinguenda3
391 3203 520 3270 qnatenus
543 3212 607 3250 vero
626 3214 786 3252 consensum
803 3216 885 3252 unum
902 3205 1016 3274 possunt
1037 3203 1186 3272 praestare,
1212 3210 1245 3250 eo

196 3296 280 3355 usque
298 3282 482 3337 convenientia
501 3299 593 3337 eornm
610 3291 652 3338 est
670 3282 872 3339 consideranda:
891 3281 945 3338 hac
959 3284 1031 3338 anim
1041 3283 1145 3337 ratione
1155 3281 1246 3358 possit

196 3368 255 3442 quis
274 3367 332 3422 sine
351 3380 442 3423 errore
459 3385 538 3423 unam
550 3367 584 3423 de
596 3368 719 3425 omnihus
732 3368 899 3445 complexam
909 3367 953 3424 vel
965 3367 1120 3424 distinctam
1131 3365 1245 3443 adipisci

196 3452 339 3508 notionem.

158 3535 178 3593 3
267 3538 323 3594 Sed
340 3539 496 3616 progrediar
513 3542 565 3597 iam
583 3539 617 3596 ad
635 3543 816 3618 apparitiones
834 3540 953 3609 deorum,
971 3550 1002 3595 ut
1013 3539 1079 3616 quid
1090 3538 1135 3596 hie
1146 3541 1183 3594 sit
1195 3538 1245 3595 dii·

196 3623 322 3680 ferentino
340 3625 542 3704 deprehendam.
588 3629 694 3704 quaeris
712 3629 782 3684 enim
801 3646 853 3703 qno
871 3627 972 3683 indicio
989 3642 1181 3702 cognoscamus
1199 3634 1245 3681 aut

197 3709 275 3766 deum
293 3728 420 3790 apparere
438 3722 483 3769 aut
500 3713 621 3791 angelum
639 3723 684 3769 aut
701 3713 885 3789 archangelum
904 3720 949 3770 ant
966 3712 1122 3769 daemonem
1139 3720 1185 3768 aut
1197 3711 1246 3769 ali·

197 3816 276 3873 quem
293 3798 441 3876 principem
459 3808 508 3856 aut¹
520 3803 640 3856 animam.
688 3816 742 3857 nno
760 3803 841 3877 igitur
857 3801 941 3856 verbo
959 3806 1055 3867 statuo,
1078 3816 1171 3855 eoram
1188 3801 1245 3876 epi·

197 3882 308 3962 phanias
331 3885 495 3964 respondere
517 3902 609 3943 eorum
630 3889 755 3944 essentiis
778 3887 956 3964 potestatibus
980 3895 1007 3943 et
1030 3884 1243 3963 operationibusa

197 3968 288 4048 quales
307 3974 377 4028 enim
394 3982 458 4027 sunt
474 3972 541 4029 tales
558 3974 743 4030 invocantibus
762 3984 899 4052 apparent,
918 3975 1138 4050 operationesque
1155 3981 1245 4028 osten-

197 4058 270 4125 dunt,
289 4068 317 4114 et
333 4058 407 4114 ideas
426 4059 478 4114 sihi
496 4070 671 4136 congruentes
688 4071 716 4117 et
734 4061 831 4118 indicia
851 4060 903 4116 sibi
921 4061 1031 4138 propria
1049 4057 1183 4115 exhibent.

267 4142 323 4202 Sed
340 4156 371 4200 ut
388 4145 540 4222 siugulatim
556 4143 622 4201 haec
639 4145 824 4214 determinem,
848 4147 958 4203 deorum
980 4145 1088 4223 quidem
1105 4144 1242 4223 phasmata

198 4229 328 4309 simplicia
345 4238 421 4299 sunt,
446 4231 603 4289 daemonnm
620 4246 685 4288 vero
707 4235 792 4300 varia,
817 4233 970 4308 angelorum
994 4231 1158 4310 simpliciora
1179 4242 1243 4290 sunt
