2776 4876
206 325 260 379 alo
1189 320 1259 384 5,13

209 480 353 555 θυσίαις,
375 474 418 543 τά
439 499 474 541 τε
496 473 733 562 προσαγόμενοι
756 478 802 558 τῷ
823 477 901 561 πυρὶ
923 477 1083 563 καθαίρει
1105 477 1162 540 καὶ
1177 473 1262 541 ἀπο·

208 586 277 657 λόει
297 590 363 654 τῶν
385 593 419 660 ἐν
442 589 481 678 τῇ
500 582 561 677 ὕλῃ
576 589 712 669 δεσμῶν,
735 582 902 664 ἐπιτήδειά
917 610 951 652 τε
967 582 1023 653 διά
1038 581 1264 673 καθαρότητα

208 696 336 791 φύσεως
357 693 440 782 πρός
462 691 522 778 τὴν
544 701 609 764 τῶν
631 700 722 764 θεῶν
744 700 919 763 κοινωνίαν
941 693 1175 786 ἀπεργάζεται,
1205 698 1298 762 καλε

208 807 296 894 ἡμᾶς
319 807 374 876 διά
397 811 462 874 τῶν
492 807 600 876 αὐτῶν
622 805 753 895 τρόπων
782 804 919 875 ἀπολύει
940 811 1006 877 τῶν
1028 809 1087 888 τῆς
1109 813 1265 890 γενέσεως

116 981 118 985 ,
208 921 336 1006 δεσμῶν
365 922 421 985 καί
449 918 613 1008 ἀφομοιοῖ
640 930 710 995 τοῖς
740 921 848 997 θεοῖς,
882 915 965 1009 πρός
994 942 1027 984 τε
1055 913 1117 999 τὴν
1146 921 1266 1009 φιλίαν

208 1027 317 1098 αὐτῶν
350 1032 551 1110 ἐπιτηδείους
579 1026 763 1114 ἐργάζεται,
797 1033 853 1095 καὶ
881 1025 1028 1115 περιάγει
1055 1022 1116 1109 τὴν
1148 1030 1300 1100 ἐνυλονο

207 1139 301 1225 ἡμῶν
325 1137 424 1228 φύσιν
448 1144 500 1206 ἐπὶ
524 1135 584 1220 την
607 1134 718 1204 ἀνλον.
1014 1206 1016 1209 ,

152 1259 190 1321 13
299 1252 427 1328 Κοινῶς
448 1254 507 1333 μὲν
531 1247 615 1316 οὕτω
639 1245 700 1326 τὰς
732 1245 878 1328 ἀτόπους
905 1248 1064 1327 ὑπονοίας
1092 1245 1267 1326 ἀνελόντες

207 1364 282 1449 περὶ
304 1364 433 1427 θυσιῶν
456 1359 528 1428 ἀντ’
548 1359 656 1426 αὐτῶν
678 1354 739 1437 τάς
760 1359 903 1441 ἀληθεῖς
923 1358 1054 1440 νοήσεις
1069 1358 1303 1444 ἀντεισηγοί-υ

207 1463 322 1558 γομεν·
352 1470 424 1539 κατ’
443 1474 532 1539 ὶδίαν
554 1475 629 1559 περὶ
651 1467 791 1537 ἑκάστου
807 1473 941 1539 θυσιῶν.
952 1470 1057 1549 είδους
1071 1469 1129 1554 (ῶς
1144 1469 1164 1537 ό
1180 1470 1269 1547 ίδιος,

207 1579 306 1666 λόγος
327 1587 399 1671 περὶ
422 1587 488 1650 τῶν
508 1584 639 1648 θυσιῶν
668 1580 801 1648 ἀπαιτεῖ
829 1577 891 1663 τὴν
919 1578 1142 1669 διάρθρωσιν,
1174 1576 1267 1656 ὅστις

208 1687 311 1772 ἀλλης
332 1698 366 1758 τί
388 1699 458 1759 ἐστι
479 1696 720 1781 πραγματείας)
742 1696 799 1760 καὶ
822 1688 894 1776 ἅμα
917 1690 983 1759 ἀπὸ
1006 1694 1072 1759 τῶν
1087 1696 1267 1779 εἰρημένων
1286 1710 1321 1760 12

209 1797 299 1878 όστις
321 1800 443 1893 εὐφυής
464 1809 533 1868 ἐστι
554 1805 610 1867 καὶ
632 1800 693 1892 ἀφ’
713 1798 786 1880 ἐνὸς
808 1807 861 1868 ἐπὶ
883 1798 991 1869 πολλά
1022 1795 1162 1877 δυνατός
1192 1803 1267 1867 δια-

208 1914 324 1979 τείνειν
345 1907 406 1993 τὴν
429 1910 596 1992 διάνοιαν,
625 1914 748 1999 ῥηιδίως
775 1909 936 1996 γνώσεται
963 1909 1030 1980 ἀπό
1055 1908 1181 1978 τούτων
1208 1914 1267 1977 καί

207 2017 250 2087 τά
281 2020 559 2112 παραλαπόμενα.
610 2019 672 2108 ἐγῶ
700 2026 760 2109 μὲν
789 2015 849 2113 οὖν
878 2020 971 2110 ᾤμην
1005 2026 1113 2090 ταῦτα
1145 2025 1267 2099 ἱκανῶς
1287 2046 1321 2096 15

213 2135 386 2220 είρῆσθαι,
416 2130 458 2200 τά
486 2158 520 2199 τε
542 2129 630 2199 ἀλλα
652 2138 707 2201 καί
730 2130 816 2199 διότι
837 2137 896 2216 τῆς
917 2139 982 2202 τῶν
1006 2137 1097 2201 θεῶν
1125 2131 1268 2211 ἐπαξίως

208 2241 270 2329 εἶχε
285 2242 542 2333 καθαρότητος·
566 2248 634 2310 ἐπεὶ
657 2246 691 2312 δὲ
713 2257 783 2322 τοῖς
805 2239 919 2324 ἀλλοις
940 2245 1018 2326 ’ίσως
1041 2241 1083 2311 ἀν
1106 2243 1268 2312 ἀπιστίαν

208 2352 375 2443 παράσχοι
402 2351 441 2421 τὸ
464 2352 510 2438 μὴ
540 2355 599 2422 οὐκ
622 2352 706 2422 εἶναι
728 2359 866 2444 evacii,
895 2359 951 2421 καί
972 2355 1125 2445 ὑποψίαν
1154 2353 1198 2432 ὡς
1218 2351 1267 2439 μη
1288 2377 1322 2427 18

208 2468 363 2532 κινοῦντα
384 2464 448 2547 τὴν
462 2462 622 2544 διάνοιαν,
644 2463 723 2551 μηδ’
739 2463 1031 2551 ἐπιλαμβανόμενα
1047 2469 1113 2533 τῶν
1126 2468 1186 2546 τῆς
1200 2482 1268 2555 ψυ-

204 2578 268 2660 χῆς
290 2577 518 2663 διαλογισμῶν,
547 2574 713 2661 βοόλομαι
734 2579 808 2664 περὶ
837 2581 901 2643 τῶν
924 2576 1032 2643 αὐτῶν
1055 2575 1152 2661 ὀλίγα
1175 2579 1268 2641 πλεί-

280 2737 304 2786 Β.
334 2735 418 2795 οὕτως
446 2738 500 2790 AC.
697 2738 739 2789 18.
766 2736 817 2806 τό]
845 2739 880 2790 τά
912 2739 941 2788 Α.
977 2730 989 2807 fl
1025 2727 1108 2803 airas]
1135 2729 1154 2809 ᾗ
1186 2737 1267 2788 ΑΒΙ).

280 2820 322 2871 20.
349 2817 437 2887 ὀλίγον
457 2821 509 2872 AC.

209 2970 282 3046 quod
299 2973 328 3026 in
347 2971 487 3028 sacrificiis
506 2982 548 3028 est
565 2972 701 3029 materiale
712 2973 847 3041 absorbet,
867 2995 933 3050 quae
946 2976 1094 3031 offeruntur
1105 2985 1202 3053 purgat
1215 2973 1269 3030 sol·

209 3059 302 3131 vitque
321 3060 446 3113 materiae
464 3057 593 3126 vinculis,
619 3070 645 3115 et
663 3059 697 3116 ad
714 3059 832 3116 divinam
856 3063 1068 3116 communionem
1091 3059 1181 3116 reddit
1205 3070 1269 3137 apta

208 3162 258 3220 par
275 3152 385 3199 naturae
402 3147 555 3220 puritatem,
581 3155 660 3221 atque
678 3165 727 3201 nos
747 3144 841 3201 eodem
858 3156 939 3223 pacto
958 3147 1039 3203 solvit
1056 3168 1070 3201 a
1089 3146 1207 3203 vinculis
1224 3167 1269 3222 ge·

207 3231 353 3286 necationis
377 3229 485 3308 diisque
511 3231 653 3299 assimilat,
681 3242 709 3287 et
735 3230 798 3288 facit
821 3232 856 3288 ad
878 3232 989 3289 deorum
1009 3235 1155 3289 amicitiam
1177 3243 1268 3310 aptos,

207 3324 378 3393 nostramque
396 3328 517 3374 naturam
535 3316 698 3374 materialem
716 3317 751 3373 ad
768 3317 969 3375 immaterialem
986 3317 1095 3375 attollit.

151 3399 190 3460 13
279 3401 404 3460 Generali
422 3403 473 3461 hac
491 3403 673 3481 disputatione
691 3403 848 3464 sustrrlimos
866 3403 947 3460 falsas
960 3405 995 3461 de
1007 3405 1147 3462 sacrificiis
1160 3406 1269 3481 opinio·

207 3507 264 3554 nes,
282 3499 310 3544 et
321 3510 372 3567 pro
385 3493 420 3546 iis
433 3511 511 3546 veras
523 3488 734 3554 introduximus3
753 3488 786 3545 de
798 3510 956 3568 unaquaque
968 3492 1162 3547 sacrificiorum
1174 3493 1268 3567 specie

206 3574 305 3649 (prout
321 3575 502 3632 consideratio
526 3574 652 3653 specialis
675 3573 841 3633 articulatam
864 3575 1009 3655 postularit
1026 3576 1060 3632 de
1080 3578 1116 3631 iis
1140 3575 1269 3652 disquisi-

206 3658 316 3726 tionem,
331 3681 403 3735 quae
422 3662 602 3722 consideratio
619 3661 730 3718 alterius
748 3661 802 3718 loci
820 3667 874 3732 est)
894 3674 921 3719 et
933 3663 967 3718 de
978 3664 1013 3719 iis
1026 3683 1094 3739 quae
1105 3661 1187 3718 modo
1199 3661 1268 3718 dixi·

206 3763 274 3810 mas,
293 3747 445 3827 quicunque
461 3750 617 3825 ingeniosus
635 3758 677 3804 est
695 3759 723 3805 et
740 3768 773 3804 ex
784 3748 907 3825 pauculis
919 3748 995 3826 plura
1008 3758 1097 3805 mente
1108 3758 1201 3825 potest
1211 3747 1268 3805 col·

207 3828 303 3906 ligere,
326 3829 404 3888 facila
423 3855 456 3891 ex
474 3834 517 3891 his
535 3837 637 3912 poterit
654 3856 722 3912 quae
743 3837 933 3912 praetermissa
955 3845 1018 3892 sunt
1038 3838 1189 3914 percipere.
1240 3844 1268 3891 et

207 3935 256 3993 ego
274 3915 341 3972 haec
360 3918 469 3992 quidem
487 3921 611 3978 sufficere
629 3921 826 3989 existimabam,
849 3941 910 3978 cum
931 3931 1045 4000 propter
1067 3922 1119 3978 alia
1137 3931 1196 3979 tum
1213 3921 1269 3977 hoc

206 4005 363 4082 praecipue,
389 4004 462 4078 quod
480 4016 554 4062 recte
576 4011 745 4087 prospiceret
766 4007 878 4065 deorum
899 4011 1010 4085 puritati
1032 4009 1099 4064 hacc
1121 4007 1268 4085 explicatis

207 4099 306 4147 nostra.
353 4091 479 4165 quoniam
503 4109 568 4145 vero
590 4097 697 4170 possint
718 4093 778 4151 aliis
802 4115 856 4150 nou
877 4097 914 4151 ita
937 4097 1024 4153 acutis
1047 4094 1217 4152 incredibilia
1241 4104 1269 4150 et

208 4187 333 4252 suspecta
351 4175 447 4244 videri,
472 4194 504 4232 εο
525 4175 597 4252 quod
614 4198 669 4235 uon
686 4182 742 4236 sint
759 4182 825 4237 satis
844 4179 990 4249 manifesta,
1009 4202 1059 4238 uec
1077 4182 1144 4238 satis
1161 4200 1269 4258 permo-
