2776 4876
374 386 556 444 praefationes
574 388 709 444 versionis
727 385 760 443 N.
779 384 912 444 Soutelh‘i
1113 402 1171 443 m

113 550 231 612 curiam
261 547 519 613 reverendissimi
545 551 684 613 «Ioannis
713 547 865 626 Medicis,
902 568 975 612 mox
1005 545 1168 632 pontificis

113 662 219 737 creati,
249 681 336 724 nunc
358 684 377 725 a
398 683 449 725 me
472 660 531 725 tibi
553 660 688 725 dicatur.
734 681 862 745 semper
882 662 991 744 itaque
1012 662 1097 724 inter
1119 681 1169 723 sa-

112 771 262 836 cerdotes
284 772 493 837 Jamblichus.
537 770 667 857 quidni?
700 775 822 857 quippe
845 774 1052 836 continenter
1070 774 1167 836 sacris

111 885 228 947 insistit
249 893 337 949 totus
360 907 459 963 sacer,
488 905 652 969 nunquam
675 904 693 947 a
716 904 857 970 persona
880 904 972 967 quam
996 881 1094 946 semel
1117 885 1165 948 in-

111 994 181 1059 duit
203 995 364 1060 aberrans.
408 1001 532 1061 interea
555 1001 601 1059 sic
623 994 751 1073 habeto,
772 993 985 1059 illustrissime
1006 997 1166 1080 princeps,

88 1164 91 1168 .
109 1105 321 1192 plurimorum
337 1129 495 1173 annorum
512 1108 673 1172 loctunam
690 1127 760 1171 esse
776 1106 865 1183 hanc,
881 1108 1004 1170 Romae
1019 1116 1166 1191 coeptam

109 1220 254 1283 incubari
284 1223 316 1284 in
345 1221 446 1285 hortis
476 1219 691 1305 Hesperidum
720 1217 975 1283 reverendissimi
1004 1217 1166 1302 quondam

109 1329 238 1418 Aegidii
254 1330 475 1409 viterbiensis,
500 1331 706 1395 literatissimi
730 1330 907 1410 cardinalis,
929 1353 1017 1395 nunc
1037 1329 1165 1395 tandem

108 1463 260 1527 supremo
284 1445 406 1508 numini
428 1442 534 1528 placet
558 1443 689 1507 evolare
719 1465 755 1506 cx
779 1464 871 1506 arcae
901 1442 979 1507 nido
1003 1446 1037 1506 in
1059 1441 1164 1506 aulam

110 1565 205 1633 tuam,
228 1555 307 1620 boni
329 1554 463 1633 consilii,
488 1553 694 1620 foelicissimo
708 1557 823 1633 omine,
847 1553 1035 1618 columbam.
1070 1576 1164 1638 quam

109 1687 150 1730 co
174 1665 266 1731 vultu
290 1665 475 1754 dignaberis
499 1666 539 1731 ad
563 1677 595 1730 te
618 1676 796 1745 exeuntem,
819 1686 886 1750 quo
908 1669 1011 1730 virum
1033 1669 1165 1731 sanctis-

107 1781 219 1843 simum
242 1779 356 1844 Nohac
383 1801 451 1844 non
474 1781 578 1866 piguit
600 1781 727 1864 vesperi
756 1777 945 1843 redeuntem
973 1799 1061 1842 ramo
1092 1801 1164 1843 cum

106 1888 200 1954 viridi
224 1889 316 1954 oleae
338 1894 495 1976 recipere,
525 1888 566 1953 ab
597 1912 733 1975 seseque
764 1889 924 1954 dimittere
953 1888 1075 1967 denuo,
1105 1912 1164 1975 per

107 2001 220 2065 orbem
235 2006 359 2086 passim,
376 2010 520 2067 cessante
537 2000 669 2081 diluvio,
687 2004 926 2087 expatiaturam.
970 2000 1078 2065 valeas
1094 2001 1164 2066 diu-

107 2116 229 2178 tissime
252 2135 380 2199 sospes,
412 2122 445 2178 et
466 2112 551 2178 laeta
574 2114 752 2199 amplitudo
776 2124 840 2178 tua.
886 2116 938 2177 cui
960 2135 1010 2177 me
1031 2112 1163 2177 Jambli-

47 2283 51 2287 ,
105 2226 193 2304 chus,
219 2236 297 2290 tuus
320 2248 407 2291 nunc
429 2225 575 2303 aulicus,
594 2229 710 2290 merito
734 2247 793 2290 suo
823 2247 891 2290 non
913 2225 1036 2313 vulgari
1058 2249 1095 2291 ac
1117 2227 1163 2291 fa-

106 2358 187 2402 vore
210 2336 413 2402 commendet
435 2337 584 2402 obtestor
607 2341 701 2402 etiam
725 2348 822 2421 atque
845 2341 948 2401 etiam.

195 2448 343 2514 Tridenti
366 2471 404 2514 ex
427 2448 561 2514 aedibus
585 2449 649 2514 divi
671 2449 782 2526 Marci,

195 2561 335 2628 calendis
358 2562 520 2647 Septemb.
544 2581 774 2627 u.n.xxxv1u.

513 2824 581 2899 Pio
612 2825 752 2901 lectori.

194 3013 297 3101 Perge
326 3012 485 3077 foeliciter
513 3034 573 3098 per
601 3013 657 3076 has
684 3015 804 3076 veteris
832 3011 1084 3097 reconditacquc
1113 3036 1162 3078 sa·

104 3127 244 3208 pientiae
268 3129 404 3203 semitas,
431 3122 677 3211 haudquaquam
699 3125 789 3212 vulgi
812 3122 871 3188 sed
893 3129 1042 3208 pertritas
1066 3127 1162 3206 vesti-

104 3239 167 3324 giis
189 3237 288 3324 longe
311 3236 557 3301 clarissimorum
581 3239 737 3315 virorum,
767 3245 843 3321 puta
868 3237 1056 3299 Termarimi
1080 3237 1161 3298 Her-

84 3353 205 3427 metis,
229 3348 345 3414 deinde
369 3351 553 3413 Zoroastris
575 3351 810 3434 sapientissimi,
838 3358 906 3412 tum
930 3346 1054 3431 Orphei
1078 3348 1159 3409 vatis

104 3460 312 3541 celeberrimi,
336 3461 546 3548 Aglaophemi
569 3463 664 3525 etiam
682 3461 853 3538 clarissimi,
877 3462 1011 3546 insignis
1029 3478 1161 3543 quoque

104 3568 247 3650 Eudoxi,
277 3594 405 3637 necnon
429 3576 600 3638 acutissimi
621 3574 812 3651 Democriti,
842 3568 1037 3656 Pherecydis
1068 3572 1161 3634 etiam

104 3684 188 3769 Syri,
203 3682 410 3774 Pythagorae
424 3697 594 3771 praeterea
609 3683 847 3773 religiosissimi,
871 3705 909 3747 ac
924 3682 990 3746 divi
1004 3681 1160 3746 Platonis.

103 3799 159 3881 qui
188 3801 312 3862 tametsi
341 3800 468 3885 egregie
490 3797 663 3861 floruerint
691 3805 725 3860 et
753 3797 885 3884 ingenio
915 3804 948 3858 et
977 3793 1161 3859 eruditione

103 3909 269 3996 singulari,
299 3919 334 3974 tu
357 3921 462 3973 tamen
485 3907 617 3975 Christo
641 3911 783 3972 initiatus
806 3906 907 3972 multo
932 3906 1067 3994 amplius
1090 3905 1161 3994 glo-

102 4022 196 4084 riare.
243 4024 393 4107 quoniam
416 4019 462 4085 illi
478 4040 593 4108 magna
609 4020 668 4084 sub
685 4018 820 4109 caligine
836 4018 933 4098 ibant,
958 4021 1042 4084 tuin
1057 4038 1160 4105 regno

103 4130 182 4197 lucis
206 4134 387 4221 triumphas.
433 4130 481 4197 illi
509 4136 542 4196 in
566 4133 697 4212 umbris,
727 4143 763 4197 tu
791 4135 824 4196 in
846 4135 982 4197 veritate
1012 4130 1159 4194 versaris.

104 4243 203 4309 modo
227 4267 269 4310 ne
293 4244 411 4333 caliges
434 4248 467 4310 in
490 4244 568 4325 sole,
598 4255 750 4331 tanquam
772 4265 886 4310 caecus
910 4246 978 4324 (uti
999 4241 1162 4328 paroemia
