2776 4876
198 346 252 401 tto
1204 336 1258 402 9‚5

199 528 232 569 τι
263 498 438 587 τεκμήριον
472 500 530 579 τῆς
561 495 727 577 ἀληθείας
761 490 966 574 διασώζειν.
1001 494 1071 558 ἐπεὶ
1107 493 1166 556 καὶ
1200 495 1261 572 τῆς

199 616 265 680 τῶν
295 616 401 678 θείων
429 608 590 696 περιόδων
618 604 870 693 ἀναμετρήσεως
898 610 933 670 ἐν
962 585 1160 693 ὀφθαλμοῖς
1188 607 1274 669 ἐστὶ

199 721 373 803 κατάδηλα
395 717 438 789 τὸ
461 730 589 807 σημεῖα,
613 716 741 785 ὁπόταν
763 717 922 805 ἐκλείψεις
937 713 1033 795 ήλίσο
1046 737 1111 781 και
1093 711 1261 795 σελήνης
1280 727 1295 778 t

199 838 255 901 καί
277 829 476 921 παραβολὰς
497 826 581 919 πρὸς
603 825 679 907 τοὺς
701 827 859 904 ἀπλανεῖς
881 824 1024 912 ἀστέρας
1038 827 1098 904 τῆς
1119 822 1261 906 σελήνης

199 941 380 1036 προμηνὸη,
401 948 458 1010 καὶ
480 943 788 1026 σονομολογοομένη
811 940 973 1027 φαίνηται
986 940 1026 1028 τῇ
1040 940 1262 1024 προσημασίηι

201 1059 268 1136 τῆς·
284 1050 437 1145 ὁψεωςή
466 1063 573 1139 πεῖρα.
620 1049 660 1117 οὐ
687 1046 755 1136 μήν
784 1044 871 1114 ἀλλά
899 1051 954 1115 καί
984 1053 1019 1113 αί
1048 1044 1105 1115 διά
1132 1043 1297 1126 παντὸςθ

201 1171 261 1233 τοῦ
290 1167 410 1242 αίιῖνος
438 1161 620 1248 σωζόμεναι
642 1165 707 1228 τῶν
734 1159 898 1248 οὐρανίων
920 1157 1074 1251 τηρήσεις
1091 1157 1194 1245 παρά
1225 1183 1261 1225 τε

204 1279 392 1354 Χαλδαίοις
413 1278 470 1341 καί
491 1271 571 1361 παρ’
591 1273 670 1358 ήμῖν
694 1273 965 1359 σομμαρτκιροῦσι
985 1268 1072 1359 πρὸς.
1095 1269 1156 1336 τήν
1177 1267 1263 1350 ἀλή-

194 1391 306 1464 sistam
327 1362 386 1467 τῆς
409 1382 589 1470 ἐπιστήμης
610 1380 741 1463 ταύτης.
775 1385 855 1469 4ίέγοι
878 1381 908 1448 δ’
928 1378 972 1448 ἀν
994 1406 1043 1459 τις
1065 1385 1121 1447 καί
1143 1405 1263 1468 γνωρι-
1283 1395 1301 1446 9

201 1495 332 1586 μότερα
361 1495 488 1564 τούτων
516 1491 731 1562 ἐπιδεικνύναι
759 1489 917 1581 τεκμήρια
924 1499 997 1572 ,,-εί
1031 1495 1105 1578 περὶ
1133 1488 1263 1558 τούτων

201 1613 454 1696 προηγουμένως
483 1604 501 1672 ὁ
525 1603 623 1691 λόγος
644 1611 806 1690 γίγνοιτο·
822 1602 910 1671 ’ἀλλ’
924 1607 999 1670 ἐπεὶ
1027 1600 1169 1691 περιττοί·
1193 1610 1275 1668 ἐστι-

202 1850 331 1915 γνασιν,
354 1826 478 1916 ἀφίημι
501 1822 586 1892 attat
610 1823 800 1903 είκὸτως.ἐ
786 1830 840 1892 ἐπὶ
862 1829 897 1893 δέ
919 1822 963 1892 τά
985 1821 1165 1912 οίκειότερα
1183 1819 1264 1891 τοκί-

202 1963 268 2006 των
289 1943 423 2025 μέτειμι.

165 2062 185 2120 5
295 2047 366 2140 Φῂς
386 2042 453 2137 γάρ
475 2043 517 2128 δή
539 2043 625 2113 κατά
647 2043 686 2113 τὸ
709 2044 770 2114 σὸν
785 2044 924 2135 γράμμα
937 2052 998 2128 τῆς
1013 2046 1240 2128 ἐπιστολῆς,
1220 2073 1265 2125 ως
1285 2063 1318 2113 15

201 2160 223 2241 ή
246 2184 307 2226 τοο
291 2155 562 2226 οίκοδεσπότοο
582 2183 643 2240 της
671 2164 825 2242 γενέσεως
847 2153 1015 2249 λῆψις,ή
1042 2183 1108 2225 των
1137 2161 1266 2226 οίκοδε-

203 2268 417 2344 σποτοόντων
439 2277 466 2336 εί
488 2272 620 2345 πλείους
643 2268 706 2338 ιίεν
728 2266 810 2348 ίνός,
830 2269 953 2358 σχεδὸν
974 2274 1030 2336 καί
1051 2269 1131 2358 παρ’
1148 2269 1266 2348 αὐτοῖς

203 2381 414 2469 ὁμολογεῖται
438 2378 523 2447 εἶναι
546 2377 788 2461 ἀκατάληπτος,
812 2378 873 2471 ἀφ’
896 2372 936 2446 οὗ
958 2378 1000 2461 δή
1022 2403 1127 2472 φασιν
1142 2384 1317 2448 ἐνεῖναιίὸ

202 2488 261 2560 τάν
283 2499 404 2559 οίκεῖον
425 2495 640 2578 καταμαθεῖν
668 2494 822 2577 δαίμονα.
868 2494 925 2557 καί
952 2494 1022 2570 πῶς
1050 2490 1266 2578 ὁμολογεῖται

267 2723 296 2798 Υ3.
326 2747 438 2815 ἐκλείψει
457 2747 487 2799 C.
590 2749 615 2800 5.
644 2747 801 2817 προμηνεύει
819 2747 855 2823 Q.
875 2741 887 2815 ΙΙ
909 2745 1051 2818 φαίνηται]
1071 2735 1264 2812 sieVelsenius,

272 2834 397 2901 φαίνεται
415 2831 449 2882 Ο.
540 2835 564 2883 7.
594 2832 731 2901 σωζόμενα
748 2833 783 2884 D.
875 2835 916 2886 13.
942 2835 998 2886 luti
1014 2831 1047 2883 Β.

203 3079 327 3136 veritatis
346 3089 437 3135 serrat
454 3079 631 3136 manifestum.
680 3082 807 3157 quoniam
826 3079 959 3137 evidentia
972 3080 1017 3137 dat
1029 3083 1104 3158 signa
1115 3100 1196 3139 verae
1209 3103 1267 3139 oae-

203 3165 314 3223 lestinm
332 3167 520 3223 circuitionum
539 3169 755 3235 mensurationis,
777 3169 885 3243 quoties
903 3167 1036 3244 praedioit
1054 3166 1121 3224 solis
1139 3177 1168 3224 et
1185 3167 1266 3233 lunae

200 3250 320 3307 deiectus
339 3261 384 3306 aut
402 3251 480 3309 lunae
498 3263 624 3330 aspectus
643 3252 677 3308 ad
689 3251 818 3330 planetas,
839 3273 917 3329 quam
931 3253 1039 3330 quidem
1051 3253 1268 3331 praedictionem·

200 3338 424 3392 testimonio-suo
443 3342 564 3416 autopsia
583 3341 649 3395 satis
668 3338 819 3394 confirmat,
866 3341 985 3414 quinimo
1009 3340 1154 3396 multorum
1169 3361 1264 3397 saeuu-

199 3422 291 3479 lorum·
305 3422 438 3478 derebus
457 3423 618 3482 caelestibus
637 3425 839 3481 observationes
862 3435 919 3481 tum
937 3424 1008 3503 opud
1027 3424 1179 3482 Chaldaeos
1202 3435 1263 3481 tum

200 3508 271 3585 apud
288 3529 339 3564 nos
359 3507 501 3584 diligenter
518 3510 645 3567 eonditae
666 3521 800 3566 testantur
821 3511 892 3567 hane
915 3530 976 3568 esse
998 3531 1088 3568 veram
1113 3513 1262 3568 seientiam.

193 3596 292 3670 possit·
307 3597 385 3650 etiam
404 3595 664 3670 quis.2manifestiora
682 3595 725 3653 his
744 3595 849 3653 adferre
867 3598 980 3665 indicias
994 3599 1018 3653 si
1037 3597 1087 3654 hie
1100 3616 1133 3654 eo
1149 3598 1206 3654 fine
1225 3600 1264 3653 in·

200 3677 315 3736 stitutus
335 3692 408 3736 esset
424 3701 529 3748 sermm
548 3681 598 3738 sed
617 3684 681 3759 quia
698 3702 895 3760 supervacanea
905 3693 971 3739 sunt
983 3681 1104 3757 nihilque
1115 3682 1219 3741 faciunt
1231 3683 1264 3739 ad
1362 3710 1366 3724 ι

199 3765 356 3822 doemonem
375 3767 598 3871 cognoscendum,
617 3767 733 3825 libenter
750 3790 781 3824 ea
799 3771 913 3837 omitto,⁴
924 3779 952 3825 et
969 3778 1078 3825 transeo
1096 3769 1141 3825 ad
1150 3789 1186 3825 ea
1196 3788 1264 3846 quae

200 3861 263 3909 sunt
282 3849 316 3905 ad
334 3849 402 3908 hane
422 3872 477 3909 rem
494 3857 630 3932 propiora.
1066 3871 1068 3880 ⁴

162 3940 236 3997 5
242 3937 320 3994 Ais
338 3947 367 4014 tu
387 3948 514 4012 quantum
527 3940 632 4018 colligo
651 3961 686 3997 ει
708 3938 822 4018 epistola
844 3941 893 3997 abs
910 3951 940 3997 to
957 3941 1072 4042 scripta,
1096 3877 1194 3997 donnus
1217 3942 1264 3998 do-

200 4027 300 4089 minum
318 4026 347 4080 in
365 4024 512 4092 nativitate,
531 4027 575 4082 vel
592 4026 759 4083 dominos
737 4047 760 4082 ει
771 4025 871 4105 plnres
883 4040 937 4082 uu'o
950 4028 1020 4094 siut,¹
1034 4028 1108 4104 ipsis
1115 4025 1262 4084 fatentibus

200 4111 341 4188 astrologis
360 4129 415 4165 non
433 4128 516 4186 posse
536 4121 609 4166 oerto
625 4111 803 4190 deprehendi,
822 4122 956 4169 ettamen
973 4113 1037 4170 inde
1048 4117 1191 4191 proprium
1203 4113 1264 4170 dae·

200 4212 304 4250 monem
322 4216 383 4254 esse
402 4195 589 4274 quaerendum.
638 4200 759 4260 atenim
780 4199 917 4274 quomodo
941 4200 1105 4256 confitentur
1123 4202 1143 4255 ii
1165 4199 1263 4256 domus
