2776 4876
207 371 276 434 &28
1211 367 1262 420 15⁵

296 529 344 590 Αἱ
369 522 399 588 δ’
419 526 470 589 ἐπὶ
493 525 569 613 τῇδε
593 519 778 599 ἐπιστάσεις
806 522 990 608 ἀνάγονται
1013 526 1072 606 μὲν
1094 518 1198 600 εὐθυς
1220 522 1263 600 ὡς
1280 537 1320 595 23

208 633 420 715 ὃιστάζουσαι
444 637 518 718 περὶ
540 635 600 699 τοῦ
621 629 746 720 τρόπου
768 636 826 713 τῆς
847 638 1013 720 μαντείας,
1036 637 1213 722 προϊοῦσαι
1228 635 1262 700 δὲ

173 761 188 813 ³
208 745 403 834 ἀνατρέπειν
425 739 529 824 αὐτὴν
551 746 718 822 παντελῶς
741 750 945 833 ἐπιχειροῦσα
992 742 1180 829 διελώμεθα
1203 736 1263 810 οὖν

207 861 262 923 καὶ
285 855 379 940 ἡμεῖς
401 851 582 941 τὸνλόγον
610 852 693 943 πρὸς
715 855 891 946 ἀμφότερα
918 859 1034 924 ταῦτα.
1080 854 1262 942 ἀρξώμεθα

208 970 242 1034 δὲ
265 963 409 1033 διαλύειν
431 969 561 1051 πρῶτον
583 961 626 1033 τά
648 965 810 1054 πρότερα·
839 963 924 1034 κατὰ
948 963 1011 1055 γάρ
1038 965 1115 1045 τους
1141 963 1264 1043 ὕπνους

173 1079 310 1164 tundis·
331 1075 663 1164 πραγματευσάμενοι
685 1082 787 1146 ἐνίοτε
803 1082 849 1164 τῷ
863 1082 1014 1165 μέλλοντι
1036 1075 1264 1165 ὲπιβάλλομεν,

207 1195 263 1257 καὶ
291 1185 625 1276 πραγματευσάμενοι
652 1187 810 1268 πολλάκις
840 1189 899 1256 οὐκ
930 1187 1159 1275 λπιβάλλομεν.
1204 1188 1264 1274 οὐχ

211 1298 264 1367 ὅτι
286 1300 321 1381 t}
342 1299 436 1385 ἡμῶν
458 1325 492 1366 τε
514 1304 570 1367 καὶ
593 1298 720 1379 ignota
742 1307 811 1366 εστι
832 1297 871 1367 τὸ
894 1300 1001 1368 αλτιον
1015 1304 1074 1382 τῆς
1088 1302 1263 1386 μαντικῆς·

174 1411 261 1501 υέφ’
280 1403 326 1476 ὧν
347 1407 412 1496 γάρ
435 1409 571 1500 ὥρισται
592 1407 630 1478 τὸ
653 1410 714 1499 ἀφ’
737 1410 829 1498 ἡμῶν
852 1409 1083 1498 προκατάρχον
1106 1414 1163 1476 καὶ
1185 1431 1262 1477 συν-

210 1520 369 1608 επόμενον
391 1519 459 1589 ἀπὸ
482 1525 547 1588 τῶν
569 1521 709 1602 έξιοθεν,
740 1519 895 1602 σύνταξίν
924 1546 958 1588 τε
988 1525 1093 1589 ταῦτα
1122 1524 1264 1609 συμπλε-

208 1638 348 1718 κομένην
369 1637 434 1720 ἔχει
454 1628 537 1721 πρὸς
552 1630 688 1713 ἄλληλα,
712 1632 898 1720 ὡρισμένως
913 1637 965 1699 ἐπὶ
987 1631 1113 1699 τούτων
1128 1629 1169 1699 τα
1184 1636 1263 1720 έργα

158 1755 192 1806 12
209 1747 414 1823 ἐπιτελεῖται,
443 1749 499 1810 καὶ
529 1749 700 1811 συνέπεται
728 1755 799 1820 τοῖς
827 1749 1086 1829 προηγουμένοις
1108 1739 1150 1809 τά
1180 1739 1263 1832 πρὸς

209 1851 294 1921 αὐτὰ
317 1860 561 1943 συνηρτημένα·
590 1851 674 1922 ὅταν
703 1856 737 1921 δὲ
767 1853 1012 1940 ἀπολελυμένον
1039 1846 1060 1946 ᾖ
1090 1851 1127 1920 τὸ
1157 1855 1264 1920 α’ίτιον

208 1965 293 2031 καθ’
312 1962 410 2032 ἑαυτὸ
433 1963 657 2052 προϋπάρχον,
684 1965 744 2052 οὐχ
766 1963 903 2053 ὥρισται
925 1961 964 2031 cd
987 1965 1080 2042 τέλος
1103 1963 1155 2055 ἐφ’
1176 1965 1264 2049 ἡμῖν,

159 2096 190 2145 15
208 2077 247 2144 τὸ
270 2080 305 2143 δέ
329 2081 397 2142 πᾶν
426 2080 479 2141 ἐπὶ
509 2086 578 2153 τοῖς
607 2074 700 2154 ἐκτὸς
729 2088 843 2143 κεῖται.
887 2079 942 2141 καὶ
971 2077 1031 2141 νῦν
1061 2066 1121 2141 οὖν
1148 2071 1187 2141 cd
1216 2070 1262 2159 μὴ

208 2186 338 2265 πάντας
359 2197 429 2265 τοῖς
449 2184 619 2271 ἡμετέροις
641 2190 747 2273 ἔργοις
770 2190 953 2275 συντρέχειν
969 2181 1030 2265 τὴν
1045 2192 1080 2251 ἐν
1095 2196 1164 2262 τοῖς
1179 2184 1264 2251 ὀνελ-

210 2324 280 2387 ροις
302 2294 470 2379 ἀλήθειαν
491 2292 599 2363 καὶτὸ
622 2296 779 2373 πολλάκις
802 2290 906 2375 αὐτὴν
930 2293 990 2384 ἀφ’
1010 2299 1129 2374 ἑαυτῆς
1143 2293 1264 2380 ὲλλάμ-

158 2429 191 2480 18
210 2435 289 2490 πειυ,
313 2409 438 2490 έξωθέν
460 2431 494 2473 τε
518 2409 678 2474 δείκνυσιν
701 2404 767 2473 άπὸ
792 2409 883 2472 θεῶν
907 2396 1012 2471 οὖσαν
1029 2400 1088 2485 τὴν
1103 2409 1263 2490 μαντείαν

280 2608 306 2658 d·
333 2601 475 2677 ἀρξόμεθα
493 2603 526 2656 D.
647 2607 672 2655 7.
700 2606 744 2656 καλ
762 2600 1263 2674 πραγματευσάμενοι-λπιβάλλομενῙ

281 2691 315 2743 sic
334 2691 405 2743 ACD
425 2690 519 2751 Perrh,
544 2709 595 2740 orn.
615 2689 648 2742 0.
795 2691 836 2743 14.
862 2687 939 2761 ἡμῖν]
958 2690 992 2741 sic
1010 2690 1057 2742 CD
1076 2703 1100 2741 et
1118 2688 1182 2740 Gale
1200 2702 1264 2752 not.;

279 2774 349 2847 ἡμῶν
368 2776 400 2829 O.
475 2778 515 2827 15.
544 2772 614 2841 πᾶν]
633 2779 714 2846 πέρας
734 2779 765 2841 Α,
795 2778 854 2847 περὶ
872 2775 902 2828 C.
975 2779 1016 2828 17.
1045 2770 1109 2846 ἀφ’]
1127 2770 1170 2844 ἐφ’
1191 2775 1223 2826 D.

280 2942 442 3018 Argumenta
464 2951 551 2997 autem
573 2961 641 3017 quae
662 2941 775 3018 posthac
802 2940 855 2998 huc
879 2941 1026 2999 afferantur
1048 2944 1133 3020 prima
1157 2940 1264 3017 quidem
1281 2943 1321 3002 23

210 3028 297 3084 fronte
315 3027 489 3084 subdubitans
506 3026 631 3083 videntur
649 3027 683 3084 de
704 3027 785 3083 modo
802 3029 935 3096 vaticinii,
958 3031 986 3084 in
1008 3047 1152 3105 progressu
1176 3037 1264 3084 autem

210 3114 239 3170 id
265 3117 372 3192 penitus
396 3122 517 3170 evertere
539 3124 676 3170 conantur.
723 3134 804 3190 quare
827 3124 854 3169 et
876 3134 926 3169 nos
949 3114 1092 3190 dirigamus
1115 3132 1265 3169 sermonem

210 3211 331 3256 nostrum
343 3210 435 3256 contra
447 3199 543 3255 horum
555 3211 703 3276 utrumque.
735 3201 892 3276 incipiamus
905 3210 992 3255 autem
1004 3197 1153 3255 dissolvere
1165 3201 1264 3276 priora,

209 3307 259 3364 per
277 3288 394 3362 quietem
411 3307 472 3343 cum
490 3306 540 3342 nos
559 3285 626 3342 nihil
645 3286 770 3342 iaciamus
786 3283 928 3361 aliquando
940 3283 1023 3341 futuri
1035 3287 1213 3361 cognitionem
1225 3306 1265 3341 as·

211 3375 355 3448 sequimur,
375 3391 453 3448 quam
471 3383 560 3429 tamen
579 3391 674 3448 magno
685 3374 793 3448 negotio
806 3370 974 3427 elaborantes
987 3391 1067 3448 saepe
1078 3391 1132 3425 non
1145 3369 1265 3426 valemus

210 3461 329 3535 assequi3
352 3478 402 3515 nec
419 3469 508 3515 tamen
526 3461 646 3515 vaticinii
671 3479 749 3515 causa
768 3460 865 3536 partim
884 3479 898 3512 a
921 3458 1000 3514 nobis
1019 3459 1116 3534 partim
1140 3456 1172 3511 ab
1191 3465 1265 3512 extra

210 3547 254 3600 sit.
301 3563 411 3619 quarum
429 3547 500 3600 enim
517 3565 606 3600 rernm
625 3555 698 3602 certo
717 3547 746 3600 in
764 3544 843 3599 nohis
861 3564 940 3600 causa
959 3553 1091 3599 statuatur
1107 3540 1265 3621 principalis

211 3640 238 3686 ct
257 3628 412 3684 secundaria
431 3631 464 3686 ab
483 3640 570 3698 extra,
595 3632 619 3685 si
642 3630 693 3686 liae
714 3630 782 3686 duae
806 3649 902 3685 causae
924 3639 1016 3684 mutuo
1041 3649 1175 3686 connexas
1194 3638 1264 3697 sunt,

211 3735 275 3772 sane
294 3714 405 3770 effectus
423 3718 547 3771 eveniunt
566 3725 641 3772 certo
660 3726 688 3772 et
706 3725 860 3773 constanter
878 3714 910 3770 ad
934 3713 996 3782 bas,
1022 3725 1049 3769 et
1071 3714 1265 3794 principalibus

212 3803 399 3878 obtemperant
417 3821 484 3878 quae
502 3802 535 3856 ab
553 3803 588 3857 iis
605 3798 730 3879 pendent.
777 3803 884 3876 quoties
902 3808 990 3854 autem
1009 3819 1087 3855 causa
1106 3800 1232 3858 distincta
1251 3822 1265 3855 a

212 3889 291 3944 nobis
316 3889 353 3943 sit
371 3897 398 3942 et
415 3907 465 3966 per
483 3908 513 3943 se
531 3889 661 3955 existens,
685 3907 739 3942 non
765 3897 807 3942 est
831 3889 858 3941 in
880 3896 971 3940 nostra
994 3895 1129 3962 potestate
1146 3897 1265 3952 eventus,

213 3975 262 4030 sed
280 3984 335 4029 tota
356 3994 399 4029 res
416 3972 517 4051 pendet
535 3972 568 4028 ab
586 3975 620 4029 iis
640 3993 708 4049 quae
720 3983 783 4029 sunt
794 3982 875 4029 extra.
921 3992 982 4027 cum
993 3974 1075 4050 igitur
1087 3976 1186 4031 veritas
1200 3991 1266 4047 quae

213 4082 262 4139 per
285 4063 389 4117 somnia
411 4062 499 4139 possit
521 4058 613 4136 colligi
635 4079 689 4115 non
712 4079 817 4138 semper
839 4061 940 4115 nostris
963 4060 1088 4137 operibus
1111 4061 1265 4135 acquiritur,

214 4151 294 4203 immo
313 4166 392 4223 saepe
411 4167 457 4202 sua
476 4158 574 4224 sponte
593 4148 671 4203 nobis
690 4145 821 4223 affulgeat,
840 4144 893 4202 hoc
911 4145 988 4224 plane
1007 4145 1125 4201 ostendit
1144 4142 1215 4219 quod
1228 4142 1266 4200 di-

214 4236 313 4290 vinatio
332 4245 388 4289 tum
407 4236 443 4289 sit
462 4233 494 4289 ab
513 4244 586 4290 extra
606 4244 633 4289 et
651 4233 703 4289 diis
722 4235 790 4311 ipsis
808 4242 864 4288 tum
882 4235 960 4289 etiam
980 4230 1052 4307 quod
1070 4229 1153 4286 libera
1172 4231 1216 4296 sit,
1239 4241 1266 4286 et
