2776 4876
223 362 277 416 212
1208 351 1236 417 b,
1249 355 1283 406 10

224 518 291 584 τῶν
312 515 404 581 θεῶν
433 511 549 589 οὐσίας
577 514 632 577 καὶ
661 509 829 597 δυνάμεως
857 502 1008 595 τυγχάνει
1035 502 1057 587 ἢ
1086 503 1171 575 dod
1192 509 1285 572 καθ-

225 634 384 703 υπονοιίς,
408 622 452 700 ὡς
474 620 592 707 ἀτμοῖς
614 624 744 690 θυσιῶν
766 630 837 698 τοῖς
859 615 926 685 ἀπό
949 615 1038 699 ζώων
1059 615 1208 704 μάλιστα
1232 621 1286 684 δε-

178 722 181 733 ’
224 735 411 816 λεάζονται·
446 741 474 800 el
501 728 565 821 γάρ
594 737 627 799 τί
655 757 720 800 που
748 736 804 798 καὶ
837 734 1014 818 περίκειται
1042 737 1112 808 τοῖς
1146 731 1321 814 δαίμοσι3

224 853 330 933 σῶμα,
359 842 378 912 ἀ
407 843 449 926 δή
469 869 556 922 τινες
579 844 766 934 τρέφεσθαι
788 837 855 908 ἀπὸ
878 842 944 908 τῶν
972 843 1102 908 θυσιῶν
1130 841 1286 927 νομίζου-

225 981 286 1038 σιν,
315 953 479 1044 ἀτρεπτόν
500 962 570 1021 ἐστι
592 956 689 1021 τοῦτο
711 956 767 1020 καὶ
791 953 939 1032 ἀπαθές,
970 951 1137 1038 αὐγοειδὲς
1165 975 1199 1018 τε
1228 953 1289 1046 καὶ

226 1068 388 1147 ἀνενδεές,
418 1066 462 1144 ὡς
483 1063 564 1151 μήτε
587 1064 746 1153 ἀπορρεῖν
768 1090 797 1130 τι
821 1061 879 1129 ἀπ’
898 1061 1001 1129 αὐτοῦ
1030 1060 1107 1150 μήτ’
1128 1065 1286 1151 ἐπιρροῆς
1304 1077 1320 1128 u

226 1180 353 1262 ἔξωθεν
375 1174 456 1244 αὐτὸ
478 1179 712 1264 προσδεῖσθαι.
747 1182 775 1241 εί
797 1172 826 1240 δ’
846 1169 915 1261 ἀρα
938 1177 993 1240 καί
1007 1170 1107 1240 τοῦτό
1129 1198 1178 1251 τις
1194 1175 1285 1253 θείη,

225 1293 286 1358 τοῦ
308 1287 435 1374 κόσμου
462 1292 518 1355 καὶ
541 1292 600 1356 τοῦ
623 1293 658 1352 ἐν
680 1285 770 1371 αὐτῷ
791 1284 889 1371 ἀέρος
917 1282 1128 1352 ἀνέκλειπτον
1150 1287 1286 1369 έχοντος

227 1396 295 1467 ἀπά
318 1404 383 1466 τῶν
412 1405 485 1486 περὶ
513 1394 574 1479 την
601 1401 665 1483 γῆν
693 1396 942 1483 ἀναθυμίασιν,
971 1399 1220 1483 περικεχυμένου
1250 1402 1321 1460 eei

229 1508 447 1598 πανταχόθεν
474 1512 589 1589 ἐπίσης
617 1511 677 1576 τοῦ
703 1505 856 1577 τοιούτου
883 1505 1059 1594 ῥεύματος,
1087 1513 1138 1584 τίς
1167 1502 1210 1572 ἀν
1240 1509 1288 1571 ἐτι

223 1625 320 1712 χρεία
350 1621 464 1698 αὐτοῖς
491 1619 540 1699 είη
569 1623 634 1685 τῶν
662 1621 806 1695 θυσιῶνς
842 1617 916 1685 ἀλλ’
942 1617 1016 1686 οὐδὲ
1045 1617 1087 1685 δι’
1113 1617 1188 1686 ίσου
1215 1626 1288 1694 τοῖς

227 1731 447 1820 ἀπορρέουσιν
461 1729 651 1816 ἀναπληροῖ
665 1725 706 1795 τά
722 1729 907 1798 ἐπεισιόντα
925 1732 1121 1817 συμμέτρως,
1144 1727 1188 1807 ὡς
1201 1725 1287 1814 μήτε
1306 1730 1340 1781 ¹²

224 1840 414 1932 ὑπερβολὴν
437 1849 622 1931 ἐπικρατεῖν
635 1837 718 1926 μήτε
733 1843 877 1931 ίλλειψίν
892 1864 971 1908 ποτε
988 1843 1190 1925 ἐγγίνεσθαι,
1214 1837 1286 1908 ίσό-

227 1977 311 2034 τητα
334 1954 369 2019 δὲ
390 1949 498 2033 πάντη
521 1954 577 2017 καὶ
601 1949 792 2037 ὁμαλότητα
820 1956 886 2018 τῶν
914 1955 1095 2037 δαιμονίων
1124 1947 1287 2037 σωμότων

228 2060 383 2142 ὡσαύτως
404 2059 569 2149 ὑπάρχειν.
1307 2069 1339 2118 15

320 2171 368 2240 Ob
388 2170 453 2260 γάρ
482 2171 589 2253 δήπου
615 2182 685 2251 τοῖς
712 2176 773 2258 μὲν
801 2180 836 2239 ἐν
864 2177 906 2265 γῇ
932 2177 988 2240 καὶ
1017 2171 1173 2266 θαλάττχ
1202 2175 1288 2240 πᾶσι

228 2280 322 2366 ζώοις
344 2283 363 2349 ὁ
387 2279 585 2369 δημιουργός
599 2279 763 2374 ἀφθονον
777 2287 833 2350 καί
848 2291 980 2370 ἐτοιμον
992 2280 1184 2374 ’διατροφὴν
1198 2308 1286 2368 παρ-

228 2397 342 2479 έθηκε,
364 2404 434 2473 τοῖς
448 2398 483 2461 δὲ
497 2398 680 2481 κρείττοσιν
694 2393 788 2480 ἡμῶν
809 2397 937 2461 ένδειαν
951 2392 1072 2476 ταύτης
1087 2398 1285 2476 ἐνεποίησεν.
1306 2396 1338 2446 ¹⁸

301 2581 365 2633 1.2.
393 2585 562 2633 καθυπονοεῖ
578 2577 611 2631 Β.
736 2581 762 2630 2.
790 2576 823 2639 ὥς
841 2575 937 2646 ἀτμοῖς
955 2598 1007 2630 om.
1030 2592 1054 2630 ea
1072 2578 1145 2649 ponit
1163 2578 1190 2629 iu
1208 2598 1288 2644 marg.

297 2663 379 2734 prima
397 2685 465 2716 man.
488 2665 523 2718 D.
666 2665 691 2715 6.
719 2660 848 2734 ἰπορροῖχς
876 2663 912 2716 0.
934 2661 936 2664 ’
1057 2665 1079 2714 7.
1108 2661 1163 2729 τις]
1188 2668 1225 2724 είς
1249 2665 1285 2715 D.

298 2750 323 2801 9.
350 2764 407 2816 post
423 2748 470 2818 γῆν
488 2741 513 2800 l)
532 2749 589 2801 add.
609 2749 657 2816 τὴν
678 2742 691 2817 ΙΙ
714 2745 758 2812 τε]
778 2747 813 2798 sie
833 2748 912 2809 Aci),
944 2768 996 2800 om.
1016 2748 1050 2802 0.
1146 2749 1187 2803 13.
1216 2753 1287 2818 ἐγγί-

297 2839 412 2902 γνεσθαι
438 2834 497 2885 ΑΙ).
623 2834 663 2885 11.
693 2829 842 2902 ὁμοιότητα
869 2832 903 2885 0.
1030 2834 1071 2889 17.
1099 2831 1226 2904 ἄφθονος
1254 2835 1285 2885 B.

299 2919 342 2970 17.
357 2918 399 2969 18.
430 2923 560 2989 περίθηκε
579 2918 612 2970 D.
1258 2949 1260 2953 >

227 3086 293 3142 tiam
310 3086 443 3160 attingunt
461 3096 488 3142 et
505 3088 660 3163 potentiam,
680 3105 759 3163 quam
777 3088 851 3163 quod
862 3099 892 3143 tu
905 3090 1066 3167 suspicet-isa
1085 3086 1193 3144 scilieet
1208 3087 1287 3144 nido·

230 3171 307 3227 ribus
326 3169 479 3227 animalium
490 3172 634 3249 praecipue
645 3174 760 3228 inescari
771 3174 799 3228 in
812 3175 959 3231 sacrifieiis.
1004 3173 1046 3230 fae
1058 3175 1129 3230 enim
1141 3173 1287 3230 daemonas

226 3258 323 3313 vestiri
341 3276 470 3335 empore,
495 3257 568 3334 quod
587 3257 695 3334 quidam
712 3259 853 3316 sacrificiis
873 3262 969 3317 nutriri
988 3258 1094 3326 volunt,
1117 3269 1193 3315 certe
1216 3258 1288 3315 illud

227 3362 326 3421 eorpus
344 3341 508 3399 immutabile
526 3353 569 3400 est
586 3354 613 3400 et
630 3344 787 3422 impatibile,
806 3344 977 3424 lucidumque
997 3353 1024 3402 εί
1043 3344 1142 3401 nullius
1154 3343 1286 3421 indigum

226 3430 264 3484 ita
281 3438 312 3485 ut
328 3427 397 3485 nihil
415 3428 506 3486 effluat
524 3429 600 3498 inde,
623 3428 743 3506 nihilque
760 3433 914 3488 necessario
932 3432 1039 3488 inlluata
1062 3441 1090 3487 et
1112 3432 1136 3487 si
1151 3428 1230 3486 lorte
1250 3433 1287 3486 sit

226 3517 394 3572 necessarius
405 3516 531 3583 influxus,
550 3514 766 3591 quandoquidem
777 3518 891 3574 mundus
905 3520 972 3575 etin
989 3537 1021 3573 eo
1039 3521 1086 3573 a'er
1102 3516 1286 3573 inexhaustam

227 3597 325 3656 babeat
343 3622 357 3656 a
375 3603 489 3658 terrenis
508 3599 704 3658 exhalationem
722 3605 834 3680 copiam,
853 3603 971 3680 undique
989 3603 1150 3660 aseendente
1169 3601 1286 3679 quodam

228 3683 347 3753 effluvio,
367 3691 426 3763 quis
444 3697 535 3766 potest
553 3706 613 3742 esse
631 3687 824 3744 sacrificiorum
842 3689 913 3767 apud
931 3709 978 3746 eos
996 3690 1078 3746 usus?
1105 3689 1157 3744 iam
1175 3708 1243 3744 vero
1262 3690 1285 3744 si

229 3780 344 3847 corpora
363 3772 521 3830 daemonum
539 3771 662 3839 effluant,
685 3774 817 3829 sacrificia
839 3794 895 3829 non
916 3777 996 3831 iustis
1020 3771 1288 3852 compensationibus

226 3857 371 3911 restituent
386 3859 460 3934 ‘quod
477 3858 624 3925 effluxerat,
648 3860 714 3934 quin
731 3867 778 3916 aut
794 3862 846 3915 erit
864 3879 992 3917 excessus
1009 3871 1055 3916 aut
1077 3858 1211 3925 defectam
1236 3879 1286 3915 nee

226 3939 374 4018 aequalitas
391 3952 419 3998 et
436 3946 575 4021 proportio
593 3946 623 4001 in
640 3959 732 4002 eorum
750 3945 909 4023 corporibus
927 3949 1086 4003 servabitur.

298 4026 356 4084 Sed
372 4041 423 4084 neo
442 4028 570 4085 credibile
587 4040 631 4086 est
648 4031 740 4088 muudi
758 4033 884 4109 opificem
901 4032 1026 4088 omnibus
1043 4032 1160 4088 terrenis
1185 4040 1213 4085 et
1232 4049 1286 4086 ma·

210 4113 293 4179 ,einis
311 4112 470 4170 animalibus
489 4112 593 4169 abunde
609 4119 783 4194 prospexisse
800 4116 836 4174 de
847 4120 929 4184 viem,
948 4125 1157 4174 naturas-autem
1169 4115 1286 4172 humana

226 4198 349 4256 meliores
367 4202 475 4278 inopiae
492 4198 638 4256 obiecisset
655 4203 707 4259 'sed
725 4222 775 4260 nee
792 4203 868 4271 illud
888 4203 960 4279 quod
975 4203 1137 4260 animalibus
1155 4201 1217 4258 aliis
1238 4200 1286 4256 ali·
