2776 4876
418 356 469 414 Tb.
488 356 567 414 Galei
585 369 751 436 conspectus
769 361 852 415 totius
871 361 971 437 operis.
1191 377 1222 418 u

164 536 218 571 non
236 526 351 593 possunt
369 537 448 572 verae
466 527 493 572 et
510 516 617 573 divinae
635 519 840 575 vaticinationis.
886 517 949 573 mali
969 517 1111 574 daemones
1131 529 1159 573 et
1177 540 1221 574 an·

162 609 241 665 tithei
262 613 430 687 reperiuntur
453 620 555 666 tantum
573 613 601 666 in
619 612 654 667 iis
672 612 874 689 operationibus
893 632 960 688 quae
983 632 1037 667 non
1060 613 1129 668 liunt
1146 615 1219 668 iuxta

165 705 232 758 ritus
250 713 278 759 et
295 703 367 779 leges
385 707 413 759 in
432 706 517 760 sacris
536 705 725 761 observandas.
770 727 851 762 verae
869 705 1044 762 divinationis
1056 708 1219 783 praestantia

163 807 191 852 et
209 796 333 874 dignitas.

605 957 721 1015 Sectio
750 965 773 1015 4.

237 1083 259 1134 l.
298 1079 355 1135 Cur
373 1078 411 1134 dii
430 1079 509 1135 nobis
527 1084 735 1157 praestantiores
759 1084 859 1137 nostris
881 1083 1001 1158 imperiis
1024 1081 1217 1158 obtemperent.
1239 1077 1242 1082 ’

163 1175 306 1252 spirituum
324 1172 424 1251 duplex
442 1193 537 1250 geuus;
556 1173 629 1230 aliud
647 1178 770 1232 criticum
787 1174 860 1231 aliud
879 1175 986 1230 brutum
1004 1185 1031 1231 et
1049 1195 1164 1232 caecum.

236 1273 262 1323 2.
298 1267 417 1345 imperia
436 1268 470 1323 ad
488 1267 539 1323 lroc
559 1270 665 1325 brutum
682 1290 766 1346 genus
785 1270 872 1346 dirigi.
918 1279 963 1325 aut
981 1271 1005 1325 si
1022 1269 1057 1325 ad
1075 1267 1159 1339 eliud,
1177 1291 1218 1325 sa-

164 1362 282 1418 cerdotis
301 1361 435 1440 duplicem
454 1383 514 1418 esse
533 1365 675 1428 rationum
700 1362 811 1419 alteram
834 1385 885 1440 qua
905 1374 1038 1440 tamquam
1055 1362 1135 1419 bomo
1155 1362 1217 1420 alte·

163 1477 219 1512 ram
237 1476 288 1532 qua
306 1466 440 1532 tamquam
457 1456 568 1512 deorum
585 1459 708 1513 minister
725 1462 882 1514 auctoritate
901 1461 1018 1514 munitur
1035 1458 1133 1514 divina.

232 1556 258 1607 3.
293 1551 328 1606 ln
348 1554 432 1606 sacris
455 1553 507 1607 rite
525 1553 640 1628 peractis
659 1570 713 1606 non
732 1572 792 1608 esse
816 1551 916 1628 aliquid
935 1552 1101 1609 differentiae
1118 1553 1216 1609 distan-

163 1648 216 1701 tiae
238 1647 416 1723 oppositionis
440 1655 484 1700 aut
514 1647 710 1701 contrarietatis
737 1649 807 1702 inter
829 1649 998 1704 invocantem
1020 1658 1049 1703 et
1064 1650 1216 1704 invocatum

162 1739 212 1796 sed
229 1741 354 1795 unionem
372 1739 557 1795 omnimodam.

233 1841 258 1890 4.
296 1833 350 1899 Dii,
368 1843 450 1911 prout
467 1832 633 1911 Porphyrius
652 1834 755 1899 obiicit,
775 1833 893 1891 cultores
911 1855 976 1891 suos
994 1837 1081 1890 iustos
1099 1856 1160 1891 esse
1178 1838 1216 1893 iu·

160 1929 237 1994 bert,
261 1931 315 2006 ipsi
333 1930 440 1984 interim
459 1926 493 1983 ad
511 1931 609 1984 iniusta
630 1928 750 1984 facienda
775 1950 856 2007 saepe
879 1928 1051 2007 opitulantur.
1096 1931 1214 1985 iustitiae

161 2023 232 2102 apud
250 2023 316 2078 deos
334 2022 384 2078 alia
403 2022 472 2078 forte
491 2025 560 2077 ratio
579 2043 657 2099 quam
675 2022 746 2100 apud
764 2043 822 2079 nos.

231 2121 256 2172 b.
293 2116 480 2173 Providentiae
492 2116 598 2172 divinae
610 2115 738 2173 defensio.
767 2120 868 2173 animae
880 2120 1091 2195 praeexistentia.
1121 2138 1213 2175 omues

161 2215 263 2269 animae
281 2215 350 2268 vitas
370 2213 486 2289 spectari
505 2215 533 2266 in
550 2210 642 2267 divino
661 2210 770 2278 iudicio,
790 2222 817 2266 ct
835 2215 953 2267 universi
971 2213 1077 2268 bonum.
1123 2242 1128 2261 -

231 2311 256 2362 6.
292 2305 414 2362 Ulterior
435 2305 620 2382 providentiae
643 2305 770 2361 defensio.
817 2305 907 2361 adiis
932 2307 1037 2362 bonum.
1083 2305 1213 2362 malorum

162 2422 258 2458 causae
277 2400 398 2466 aliunde3
416 2410 508 2456 nostra
526 2402 682 2477 ignorantia.

232 2500 257 2552 7.
292 2494 397 2550 Juiusta
415 2504 443 2549 et
459 2493 527 2550 mala
551 2499 589 2551 uti
608 2499 687 2552 etiam
704 2493 769 2550 falsa
792 2504 820 2550 et
840 2493 977 2550 mendacia
1000 2515 1015 2548 a
1037 2493 1211 2551 daemonibus

161 2590 239 2646 malis
259 2600 286 2646 et
303 2590 495 2666 impostoribus
514 2592 682 2668 proveniunt.

231 2688 256 2740 8.
291 2682 360 2739 lllala
377 2682 506 2758 quaedam
524 2686 552 2738 in
570 2684 669 2740 mundo
687 2693 812 2762 respectu
831 2685 955 2760 partium,
978 2702 1046 2757 quae
1064 2692 1152 2738 tamen
1171 2702 1212 2739 re·

160 2789 254 2858 spectu
272 2781 355 2834 totius
375 2777 442 2833 mala
459 2798 514 2833 non
531 2788 602 2835 suut.

230 2877 255 2930 9.
290 2874 332 2929 Ex
349 2875 477 2928 varietate
495 2874 608 2929 actionis
628 2883 654 2928 et
666 2873 809 2950 passionis,
829 2869 995 2948 sympathiae
1009 2879 1036 2925 et
1048 2868 1211 2947 antipathiae

160 2967 242 3024 multa
259 2970 288 3024 in
305 2977 398 3022 natura
416 2970 481 3023 oriri
499 2967 534 3023 de
552 2987 631 3022 novo.

232 3067 272 3117 1⁰.
308 3061 377 3117 Hinc
396 3066 517 3138 sequitur
535 3082 616 3140 posse
634 3059 756 3116 homiues
780 3060 852 3115 abuti
871 3069 978 3115 naturae
996 3058 1100 3113 viribus
1122 3068 1149 3114 et
1171 3058 1210 3117 di·

159 3160 227 3213 vinis
245 3156 397 3213 muneribus
416 3157 449 3211 ad
467 3155 579 3223 malum3
599 3166 630 3212 ut
647 3176 725 3212 causa
743 3153 806 3209 mali
825 3173 879 3209 non
897 3155 935 3209 sit
951 3151 1057 3210 aliunde
1076 3172 1154 3228 quam
1172 3172 1206 3209 ex

160 3253 285 3328 opinione
304 3252 423 3307 bumana.

230 3351 271 3400 ll.
307 3346 362 3413 Dii,
380 3348 467 3421 inquit
484 3343 659 3421 Porphyrius,
677 3363 731 3398 non
749 3345 802 3398 nisi
815 3352 904 3399 castos
917 3351 944 3396 et
956 3339 1069 3396 mundos
1082 3338 1209 3396 exaudire

160 3440 313 3508 seducent,
332 3443 385 3519 ipsi
403 3438 562 3496 interimad
579 3441 697 3494 incestos
715 3437 874 3493 concubitus
892 3455 973 3511 saepe
988 3432 1109 3491 homiues
1122 3443 1209 3510 agunt.

161 3533 252 3590 eadem
269 3533 322 3603 bic,
342 3556 409 3611 quac
427 3554 477 3612 pro
495 3533 665 3611 providentia
682 3533 753 3588 dicta
771 3541 842 3597 sunt,
862 3529 916 3585 dici
934 3549 1016 3606 posse

232 3633 272 3684 la.
310 3627 374 3684 Toti
392 3629 490 3684 mundo
509 3631 607 3684 amoris
625 3629 735 3682 insitum
752 3645 814 3681 esse
831 3625 1001 3701 principium.
1045 3623 1074 3678 id
1092 3622 1165 3699 quod
1177 3622 1210 3677 ad

159 3722 241 3777 finem
256 3722 399 3779 honestum
417 3745 430 3778 a
453 3722 505 3778 diis
524 3721 747 3786 constituebatur,
770 3719 907 3775 bominum
931 3727 995 3772 arte
1011 3728 1039 3773 et
1061 3716 1153 3775 fraude
1176 3716 1210 3774 ad

56 3870 58 3874 .
158 3818 328 3874 inhonestum
345 3837 428 3895 posse
445 3815 572 3893 pertrabi.

142 3922 144 3926 ‘
230 3918 273 3969 13.
309 3914 461 3969 Daemones
479 3913 599 3989 impuros
622 3920 650 3966 et
672 3911 773 3964 animas
796 3928 876 3985 posse
898 3908 932 3964 ad
950 3910 1001 3964 ista
1018 3908 1146 3985 patranda
1166 3904 1210 3960 ad·

160 4028 258 4064 iuvare.
342 4048 345 4053 -
