2776 4876
201 351 253 405 166
1185 346 1260 412 3,27

198 502 568 584 ύποκατασκευασθείη·
592 495 638 568 ὧν
660 498 724 591 γάρ
748 509 827 570 είσιυ
850 507 885 568 αἱ
901 500 1106 581 τελειότητες,
1130 500 1256 569 τούτων

198 618 403 701 ἐγγίγνονται
417 619 474 682 καὶ
488 619 524 680 αἱ
539 612 665 690 ἀτελεῖς
679 616 888 680 κατασκευαί.
919 610 1111 699 ἀνθρώπων
1125 613 1161 678 δέ
1177 619 1260 681 εἰσιν

200 717 300 794 αὗται
322 724 513 818 ἀμφότεραι
533 730 569 791 αἱ
591 724 685 806 έξεις·
716 721 739 790 ά
763 723 795 791 δ’
816 728 885 791 ἐστὶ
913 719 960 809 μὴ
990 722 1033 801 ὡς
1061 721 1259 813 ἀνθρώποις
1279 741 1296 792 ³

199 834 365 926 παρόντα,
397 834 521 905 τούτων
544 834 603 903 ούκ
625 840 718 903 ἔσται
739 839 818 902 ποτὲ
841 841 875 900 έκ
899 833 1028 924 φύσεως
1049 832 1258 920 παρασκευή·

199 949 300 1024 θείας
322 943 389 1034 άρα
404 950 563 1033 μαντικῆς
577 947 672 1015 ούὸέυ
687 954 756 1013 ἐστι
770 952 900 1032 σπέρμα
917 953 951 1012 ἐν
967 946 1047 1031 ἡμῖν
1061 952 1097 1012 ἐκ
1113 943 1259 1035 φύσεως·

200 1056 273 1124 ἀλλ’
294 1065 321 1124 εί
342 1063 404 1144 μέν
431 1083 480 1135 τις
502 1055 690 1144 κοινότερον
712 1061 768 1125 καὶ
791 1056 1013 1143 ἀνθρωπίνην
1035 1052 1110 1123 τινά
1138 1060 1258 1138 καλοίη
1280 1083 1297 1133 6

198 1167 369 1254 μαντικήν,
398 1173 456 1248 τῆς
479 1168 696 1257 ἀνθρωπίνης
719 1173 802 1236 έστιο
825 1166 948 1259 φυσικῆ
976 1193 1025 1245 τις
1050 1165 1259 1257 παρασκευή·

199 1275 243 1361 ἢν
266 1280 302 1345 δ’
316 1276 359 1347 du
382 1275 484 1358 ὅντως
506 1305 556 1357 τις
577 1276 738 1366 μαντικὴν
754 1277 976 1365 έπουομάσειε,
998 1274 1060 1360 τῆν
1076 1286 1147 1354 τοῖς
1161 1280 1261 1356 θεοῖς

199 1388 452 1479 προσήκουσαν,
481 1389 593 1493 οὐὶὸεῖ
614 1391 758 1475 νομίζειν
779 1387 904 1472 ταύτην
932 1392 1170 1477 ἐνσπείρεσθαι
1191 1386 1261 1455 άπὸ
1281 1412 1297 1462 9

201 1499 347 1592 φύσεως·
372 1500 416 1568 τά
438 1526 473 1567 τε
496 1497 562 1587 γάρ
586 1495 673 1567 άλλα
694 1504 751 1568 καὶ
772 1495 811 1568 τύ
834 1499 993 1591 ἀόριστον
1015 1499 1098 1592 αὐτῇ
1112 1498 1198 1567 κατά
1221 1496 1261 1567 τὸ

199 1614 331 1698 μᾶλλον
354 1618 410 1679 καὶ
433 1605 535 1695 ἦττον
558 1622 764 1700 συνομαρτεῖ,
786 1617 843 1680 καὶ
865 1611 921 1679 διά
943 1616 1041 1680 τούτο
1065 1613 1099 1679 δὲ
1121 1615 1181 1694 τῆς
1202 1636 1261 1698 με·

199 1719 321 1802 νούσης
333 1729 367 1790 ἐν
377 1727 558 1812 σταθεροῖς
572 1728 691 1812 πέρασι
705 1726 866 1809 μαντικῆς
877 1726 977 1801 θείας
987 1727 1088 1811 χωρὶς
1103 1726 1260 1804 διέστηκε.
1282 1743 1315 1793 12

291 1831 411 1920 Διόπερ
441 1830 482 1915 δὴ
511 1837 567 1900 καὶ
589 1829 673 1922 πρὸς
699 1836 798 1905 τοῦτο
827 1838 965 1925 ἰσχυρῶς
992 1832 1168 1921 μάχεσθαι
1202 1838 1261 1915 δεῖ,

202 1944 262 2013 έάυ
280 1938 330 2023 τις
352 1944 387 2024 ἐξ
409 1944 504 2029 ἡμῶν
525 1944 608 2011 εἶναι
630 1948 705 2038 λέγῃ
724 1940 785 2026 τῆν
804 1943 974 2029 μαντικήν.
1017 1949 1126 2035 φέρεις
1146 1948 1180 2012 δὲ
1203 1951 1260 2013 καὶ

202 2054 244 2125 σύ
264 2053 383 2124 τούτου
405 2057 565 2141 δείγματα
588 2050 654 2121 άπὸ
677 2060 742 2122 τῶν
764 2059 868 2143 έργων
889 2059 1029 2141 ἐναργῆ·
1058 2052 1098 2122 τὸ
1119 2053 1184 2143 γάρ
1210 2060 1259 2123 λί-
1280 2082 1314 2134 15

201 2169 289 2244 θους
310 2169 367 2232 καὶ
388 2163 536 2251 βοτάνας
559 2170 670 2256 φέρειν
696 2162 773 2244 τούς
801 2170 1034 2250 καλουμένους,
1065 2169 1195 2252 δεσμεῖν
1225 2193 1260 2234 τε

200 2275 308 2366 ἱερούς
330 2302 421 2355 τινας
443 2273 584 2362 δεσμούς
604 2281 662 2343 καὶ
676 2275 763 2343 λύειν
778 2273 922 2357 τούτους,
944 2274 987 2342 τά
1002 2301 1036 2342 τε
1051 2280 1261 2365 κεκλεισμένα

203 2386 350 2473 ἀνοίγειν
371 2392 428 2455 καὶ
449 2381 509 2465 τοὶς
532 2394 739 2479 προαιρέσεις
760 2385 979 2474 μεταβάλλειν
1007 2390 1073 2455 τῶν
1100 2388 1260 2478 ύποδεχο-
1280 2411 1313 2461 18

272 2576 297 2627 2.
325 2572 499 2644 ἐγγίγνονται]
519 2573 554 2625 sic
573 2575 630 2636 AD,
657 2576 804 2642 ἐγγίνονται
821 2574 854 2626 0.
933 2576 958 2626 6.
986 2572 1136 2644 κοινότερον
1155 2593 1207 2626 om.
1225 2576 1260 2628 D.

274 2662 316 2713 13.
344 2657 425 2731 πρὸς]
445 2663 506 2731 περὶ
522 2659 555 2711 Β.
627 2661 669 2710 14.
697 2658 773 2731 λέγῃ]
792 2659 827 2711 sic
845 2660 932 2721 Fesch,
958 2662 1018 2727 λίγη
1037 2659 1115 2722 Act),
1142 2663 1209 2728 λέγει
1226 2661 1260 2714 0.

283 2739 387 2816 ΙΙφίρης
407 2744 460 2798 AC.
533 2745 575 2796 15.
604 2742 698 2815 ίναρχῆ
719 2745 750 2796 Β.
823 2747 864 2796 17.
892 2748 1044 2813 κεκλισμίνα
1063 2746 1096 2796 D.

202 2918 337 2987 tributura,
356 2917 391 2974 ad
408 2918 501 2975 eadem
519 2929 547 2975 et
563 2917 777 2996 imperfectiones
796 2930 823 2976 et
836 2921 985 2977 rudimenta
996 2921 1175 2999 pertinebant.
1211 2923 1262 2978 sed

202 3004 356 3062 huiusmodi
374 3007 481 3081 utrique
498 3003 604 3062 habitus
623 3016 778 3084 competunt
789 3006 950 3075 hominibus,
969 3026 1023 3061 non
1035 3006 1101 3064 diis:
1120 3028 1203 3085 quare
1214 3029 1263 3063 no·

202 3078 249 3149 bts'
263 3102 345 3170 prout
362 3090 484 3148 homines
502 3111 594 3148 sumus
613 3113 681 3168 quae
698 3113 753 3148 uon
771 3103 934 3172 competunt,
954 3112 1046 3149 eorum
1064 3114 1155 3170 neque
1169 3094 1263 3172 dispo·

204 3180 317 3234 sitiones
335 3180 363 3233 in
381 3188 473 3234 nostra
490 3188 584 3234 natura
602 3179 768 3255 quaerendae
786 3190 858 3236 sunt.
904 3199 967 3256 ergo
989 3200 1039 3235 nec
1063 3183 1163 3237 semina
1181 3191 1262 3237 erunt

204 3264 311 3322 divinae
329 3267 458 3321 manticas
471 3266 498 3321 in
511 3266 589 3321 nobis
602 3287 616 3319 a
629 3275 736 3333 natura3
755 3269 778 3322 si
792 3269 851 3344 quis
863 3277 952 3323 tamen
964 3265 1112 3342 generalius
1123 3266 1261 3344 loquendo

203 3350 343 3408 humanam
355 3350 470 3428 aliquam
483 3372 543 3408 esse
556 3350 654 3407 dixerit
664 3354 890 3421 vaticinationem,
908 3353 1061 3410 istiusmodi
1075 3351 1204 3409 humanae
1216 3374 1262 3408 va·

202 3439 368 3496 ticinationis
385 3437 418 3493 fit
436 3439 515 3493 etiam
534 3459 548 3492 a
567 3446 660 3493 natura
678 3449 829 3515 apparatus.
875 3460 953 3515 quam
972 3450 1059 3496 autem
1074 3459 1139 3495 vero
1152 3442 1261 3495 nomine

203 3527 336 3581 manticen
354 3523 467 3592 dixeris,
491 3523 597 3600 diisque
614 3522 733 3600 dignam,
757 3524 836 3581 huius
854 3545 908 3582 non
931 3537 1040 3604 oportet
1061 3528 1162 3583 semina
1181 3547 1196 3579 a
1215 3546 1261 3581 na·

203 3617 263 3664 tura
280 3611 364 3664 inseri
383 3612 543 3666 existimare.
590 3629 650 3665 nam
668 3630 729 3666 cum
747 3612 796 3667 alia
815 3611 945 3688 quaedam
966 3621 1024 3668 tum
1041 3612 1110 3669 hanc
1128 3621 1259 3689 perpetuo

203 3695 326 3768 sequitur
343 3696 485 3753 infinitudo
504 3696 652 3754 secundum
669 3700 752 3774 magis
771 3707 798 3753 et
815 3701 912 3768 minus,
932 3700 1105 3775 quamobrem
1122 3698 1202 3774 longe
1215 3699 1261 3754 ab·

203 3788 246 3834 est
263 3799 278 3833 a
297 3777 387 3835 divina
405 3785 519 3839 mantice
537 3804 605 3861 quae
623 3787 689 3840 ratis
706 3794 734 3840 et
750 3786 832 3840 certis
844 3788 965 3842 terminis
979 3808 1085 3864 semper
1095 3794 1241 3863 permanet.

274 3863 352 3937 Quae
370 3883 430 3921 cum
447 3870 484 3922 ita
504 3871 571 3937 sint,
595 3873 692 3926 acriter
710 3891 858 3948 repugnare
875 3882 995 3949 oportet,
1019 3876 1042 3929 si
1068 3875 1129 3950 quis
1148 3892 1163 3928 e
1181 3872 1260 3927 nobis

202 3948 336 4007 manticen
354 3953 419 4006 oriri
437 3955 587 4011 contendat.
633 3959 708 4013 cuius
726 3959 766 4013 rei
784 3969 936 4034 argumenta
960 3981 993 4016 ex
1017 3961 1077 4037 ipsa
1096 3960 1260 4036 experientia

202 4035 341 4093 manifesta
360 4034 461 4104 adiers3
480 4040 552 4114 quod
571 4041 676 4099 soleant
693 4045 740 4120 qui
758 4042 888 4100 advocant
905 4048 933 4102 in
951 4046 1088 4102 hominem
1104 4047 1260 4122 vaticinium

202 4120 306 4200 lapides
325 4133 352 4179 et
370 4121 466 4179 herbas
484 4144 584 4200 gerere,
607 4128 767 4206 vinculaque
784 4151 859 4187 sacra
876 4130 961 4207 ligare
978 4133 1125 4209 cademque
1143 4130 1259 4200 solvere,

204 4206 293 4266 clausa
312 4211 425 4288 aperire,
444 4211 630 4290 recipientium
648 4218 788 4295 proposita
807 4216 874 4273 mala
892 4230 994 4276 mutare
1013 4221 1041 4275 iu
1060 4218 1168 4288 melius,
1194 4220 1260 4276 haec
