2776 4876
208 359 278 423 lot
1208 361 1261 418 289

209 516 297 582 λειον
318 518 374 583 καὶ
396 514 505 584 ἀίδιον
528 511 666 601 ἀγαθόν
687 518 752 583 τῶν
775 511 837 584 ὑπό
860 520 920 598 τῆς
941 515 1071 607 φάσεως
1084 521 1143 600 τῆς
1157 525 1192 588 ὲν
1206 544 1259 606 γε-

209 630 295 693 νέσει
317 632 362 704 είς
383 625 472 713 ἡμᾶς
493 632 724 718 ἐμφυομένωνς

175 751 190 802 3
299 735 401 820 Μόνη
416 743 527 806 τοίνυν
540 737 562 820 ἡ
577 742 660 805 θεία
674 735 815 825 μαντικὴ
833 745 1061 826 συναπτομένη
1080 750 1149 820 τοῖς
1164 744 1261 821 θεοῖς
1277 744 1297 803 4

209 847 252 926 ὡς
274 847 413 931 ἀληθῶς
433 847 514 936 ἡμῖν
537 854 596 932 τῆς
609 854 710 929 θείας
724 853 808 932 ζωῆς
821 853 1026 937 μεταδίδωσι,
1047 854 1107 934 τῆς
1127 877 1163 919 τε
1178 875 1261 940 προ-

207 960 356 1046 γνώσεως
384 965 441 1029 καί
468 966 534 1030 τῶν
562 966 667 1031 θείων
700 959 846 1044 νοήσεων
874 967 1054 1049 μετέχουσα
1083 966 1140 1030 καὶ
1172 962 1261 1049 ἡμεῖς
1297 970 1304 979 ’

174 1090 189 1142 6
207 1077 325 1152 θείους
347 1069 390 1150 ὡς
412 1071 552 1154 ἀληθῶς
574 1073 805 1166 ἀπεργάζεται·
829 1073 851 1155 ἡ
874 1076 908 1140 δὲ
931 1071 1015 1156 αὐτη
1037 1081 1093 1141 καὶ
1114 1068 1153 1141 τό
1176 1073 1261 1161 ἀγα·

208 1182 280 1252 θόν
293 1183 375 1271 ἡμῖν
388 1188 532 1270 γνησίως
545 1193 687 1277 παρέχει,
709 1183 793 1253 διότι
809 1182 1019 1275 πεπλήρωται
1032 1188 1099 1253 τῶν
1117 1185 1262 1272 ἀγαθῶν

210 1291 296 1363 όλων
317 1296 339 1378 ἡ
361 1295 596 1385 μακαριωτάτη
618 1300 684 1366 τοῖν
707 1299 798 1364 θεῶν
819 1294 949 1379 νόησις·
981 1295 1021 1363 οὐ
1041 1300 1155 1364 τοίνυν
1179 1323 1260 1386 προ-

175 1411 311 1497 θσρῶσι
332 1413 401 1493 μέν,
424 1409 468 1487 ὡς
489 1405 533 1476 σὺ
553 1406 713 1491 τοπάζεις,
742 1415 775 1477 ot
796 1405 920 1491 ταύτην
942 1412 1070 1494 ἔχοντες
1093 1404 1155 1491 τὴν
1175 1432 1261 1496 μανι

208 1517 316 1600 τικήν,
345 1519 387 1587 οὐ
412 1518 483 1607 μήν
514 1529 594 1589 είσιν
623 1520 828 1608 εὐδαίμονες·
864 1519 1072 1606 ἀγαθοειδὴς
1099 1517 1164 1608 γάρ
1193 1526 1263 1586 ἐστι

207 1635 302 1697 πᾶσα
325 1629 347 1713 ἡ
369 1636 451 1699 θεία
474 1630 666 1722 πρόγνωσις,
690 1632 764 1700 οὐδὲ
777 1636 945 1722 προορῶσι
959 1637 1019 1719 μὲν
1034 1628 1076 1699 τά
1089 1632 1262 1718 μέλλοντα,

157 1752 191 1803 12
205 1746 362 1832 χρῆσθαι
384 1746 418 1811 δὲ
441 1744 554 1824 αὐτοῖς
575 1748 683 1825 καλῶς
705 1744 764 1813 οὐκ
786 1748 997 1811 ἐπίστανται·
1027 1742 1099 1810 ἀλλ’
1118 1737 1201 1809 αὐτό
1222 1738 1262 1808 τδ

209 1851 312 1922 καλόν
334 1859 390 1924 καὶ
413 1849 474 1938 τὴν
496 1853 591 1935 τάξιν
611 1853 674 1938 τὴν
697 1856 815 1939 ἀληθῆ
830 1859 886 1923 καὶ
900 1860 1091 1946 πρέπουσαν
1105 1853 1188 1942 μετά
1203 1858 1263 1934 τῆς

208 1965 424 2056 προγνώσεως
445 1970 705 2057 παραδέχονται·
727 1964 866 2054 πάρεστι
888 1967 917 2034 δ’
939 1966 1021 2058 αὐτῇ
1042 1969 1098 2034 καὶ
1119 1962 1159 2033 τό
1181 1965 1264 2056 ὠφέ-

158 2093 190 2144 15
208 2081 314 2164 λιμον.
361 2085 393 2146 οἱ
426 2075 490 2163 γάρ
519 2081 598 2146 θεοὶ
631 2083 687 2145 καὶ
716 2076 856 2165 δύναμιν
884 2080 943 2146 τοῦ
972 2076 1193 2170 φυλάξασθαι
1221 2071 1262 2143 τά

209 2188 345 2257 ἐπιόντα
369 2185 436 2257 ἀπό
459 2193 518 2271 τῆς
546 2187 675 2281 φάσεως
703 2183 795 2256 δεινά
823 2187 1061 2276 παραδιδόασι·
1095 2194 1152 2257 καὶ
1181 2186 1264 2258 ὅταν

209 2305 270 2387 μὲν
293 2300 405 2368 ἀσκεῖν
428 2303 483 2393 δέη
505 2294 566 2382 τὴν
589 2295 710 2389 ἀρετὴν
730 2303 787 2367 καὶ
810 2296 1040 2385 συμβάλληται
1060 2297 1144 2388 πρός
1164 2304 1262 2368 τοῦτο

158 2421 192 2474 18
209 2412 231 2495 ἡ
254 2416 315 2480 τοῦ
335 2416 513 2501 μέλλοντος
536 2410 666 2496 ἀδηλία,
690 2408 935 2498 ἀποκρύπτουσι
955 2407 999 2477 τά
1013 2407 1155 2498 ἐσόμενα
1170 2417 1264 2479 ἕνεκα

209 2529 269 2593 τοῦ
298 2521 359 2607 τὴν
386 2520 497 2615 ψυχὴν
525 2527 683 2610 βελτίονα
712 2520 969 2612 ἀπεργάζεσθαι
1015 2519 1098 2589 όταν
1125 2525 1160 2589 δὲ
1182 2518 1265 2612 πρός

281 2738 308 2789 8.
334 2731 521 2807 μακαριοτάτη
539 2735 573 2787 D.
647 2735 741 2787 tutu.
769 2734 806 2786 τά
823 2733 931 2787 λπιόντα
954 2752 1006 2785 om.
1024 2733 1057 2785 D.
1130 2736 1172 2785 17.
1200 2730 1261 2806 δέη]

280 2824 319 2877 δεῖ
337 2823 371 2875 0.
394 2815 407 2890 ΙΙ
430 2818 609 2892 συμβάλλεται
627 2821 660 2874 0.
734 2822 776 2874 19.
802 2817 868 2885 τοῦ]
887 2817 934 2887 τῆς
951 2819 982 2870 Β.

211 3025 282 3081 enim
299 3022 447 3100 perfectum
465 3033 492 3081 et
509 3023 628 3080 naturale
646 3033 674 3080 et
691 3033 828 3079 aeternum
845 3022 944 3078 bouum
962 3021 1065 3100 sperari
1081 3031 1174 3099 potest
1185 3041 1217 3079 ex
1228 3025 1263 3080 iia

210 3112 290 3167 rebus
309 3131 378 3187 quae
395 3110 474 3166 nobie
493 3110 639 3167 obveniunt
655 3130 705 3188 per
722 3119 843 3166 naturam
860 3110 888 3166 iu
906 3108 996 3185 genesi
1014 3107 1146 3182 positam?

281 3196 346 3253 Sola
364 3199 444 3274 igitur
462 3196 552 3255 divina
570 3199 726 3256 vaticinatio
745 3197 778 3253 ab
790 3197 859 3274 ipsis
871 3192 924 3249 diis
936 3192 1057 3269 pendeus
1069 3212 1119 3248 nos
1130 3213 1195 3249 vere
1204 3214 1264 3272 par⁴
1280 3183 1301 3242 4

212 3285 311 3360 ticipee
329 3282 393 3340 iacit
410 3285 482 3340 vitae
500 3283 617 3351 divinam
641 3304 754 3360 cumque
775 3284 834 3360 ipsa
855 3278 993 3357 possideat
1014 3281 1219 3356 praescientiam
1236 3291 1265 3338 et

211 3370 315 3427 divinas
338 3373 463 3427 notiones
487 3389 537 3425 noa
561 3366 669 3446 quoque
692 3369 784 3427 eadem
807 3367 949 3424 divinitate
969 3365 1046 3433 beat3
1075 3367 1135 3444 ipsa
1157 3386 1264 3442 quoque

209 3456 309 3513 bonum
326 3477 393 3534 pure
411 3456 489 3511 nobis
509 3456 630 3524 exhibet3
649 3467 691 3513 est
709 3458 780 3514 enim
793 3453 916 3512 beatifica
928 3451 1039 3508 deorum
1051 3454 1168 3528 cognitio
1181 3454 1264 3509 omui-

210 3541 261 3597 bus
279 3543 358 3598 bonis
376 3542 462 3620 plena.
511 3563 562 3599 nec
578 3552 667 3599 tamen
683 3542 842 3619 praevident
858 3539 953 3607 futura,
972 3549 1002 3594 ut
1020 3548 1049 3594 tu
1067 3540 1193 3608 conficis,
1217 3542 1264 3617 qui

212 3626 262 3683 hac
280 3628 395 3705 praediti
413 3638 476 3685 aunt
494 3630 692 3697 vaticinatione,
711 3638 845 3685 ettamen
863 3637 926 3682 cunt
944 3626 1050 3681 iuterim
1063 3626 1116 3704 ipsi
1128 3625 1263 3695 infelicem

210 3733 272 3769 nam
292 3717 378 3770 omnia
397 3715 486 3772 divina
498 3718 676 3795 praescientia
688 3726 731 3773 eat
741 3713 888 3772 formaliter
905 3713 984 3780 bona,
1003 3733 1089 3789 neque
1103 3711 1190 3770 sutura
1201 3733 1264 3791 pou·

211 3809 273 3856 sunt
290 3801 456 3877 praevidere,
475 3804 563 3879 iisque
575 3811 648 3859 recte
660 3803 700 3857 uti
711 3803 846 3858 nesciunt:
865 3821 917 3856 una
929 3801 1072 3856 enimcum
1087 3799 1176 3856 divina
1187 3821 1264 3879 prae·

211 3889 321 3943 notione
345 3886 446 3942 bonum
468 3897 495 3944 et
518 3888 639 3945 ordinem
656 3888 826 3944 verissimum
848 3887 1180 3962 convenientissimumque
1202 3885 1264 3941 hau·

211 3973 291 4042 riunt,
315 3981 344 4028 et
361 3983 497 4050 praeterea
516 3973 596 4031 simul
614 3973 763 4030 utilitatem.
808 3973 846 4030 dii
863 3993 977 4048 namque
994 3993 1046 4029 una
1064 3994 1123 4031 cum
1141 3975 1264 4030 vaticina·

210 4060 285 4114 tione
308 4057 459 4115 facultatem
483 4080 589 4137 quoque
612 4060 647 4117 ad
669 4059 786 4116 cavenda
808 4059 976 4117 incommoda
1003 4060 1082 4116 nobie
1109 4056 1264 4114 naturaliter

211 4145 390 4223 impendentia
408 4157 559 4223 suggerunt.
605 4158 633 4204 et
651 4149 756 4224 quoties
773 4148 900 4204 virtutem
912 4157 1035 4226 oporteat
1046 4164 1173 4202 exercere
1183 4154 1263 4220 atque

211 4232 246 4289 ad
263 4232 292 4290 id
310 4232 429 4292 conferat
447 4235 578 4310 ignoratio
596 4233 756 4303 futurorum,
779 4232 914 4293 occultant
936 4235 989 4312 ipsi
1007 4236 1094 4290 futura
1112 4239 1142 4287 ut
1160 4231 1262 4287 animus

1061 4341 1094 4394 19
