2776 4876
212 339 264 394 tot
1212 334 1263 399 δή

211 494 443 572 ἀκολουθῆσαι
470 499 539 568 τοῖς
568 487 670 590 ὅλοιςΙ
686 494 759 575 περὶ
788 494 846 570 τῆς
867 487 951 556 καθ’
968 486 1076 561 ὕπνον
1103 492 1267 573 μαντικῆς

211 602 329 688 λόχοις.

174 726 195 785 3
298 719 445 798 Λέγουσι
475 711 625 793 δὲτάδε,
653 715 713 793 τῆς
734 715 842 801 ψυχῆς
870 706 982 792 ὃιττὴν
1009 709 1148 798 ἐχούσης
1176 709 1298 792 ζωὴνθ

210 822 271 907 τὴν
292 829 351 911 μὲν
374 819 434 893 σὺν
448 827 494 909 τῷ
509 821 636 911 σώματι
650 820 711 904 τὴν
725 826 760 891 dd
777 818 942 909 χωριστὴν
956 824 1081 901 παντὸς
1096 819 1264 907 σώματος·

210 941 284 1026 περὶ
308 939 369 1020 μὲν
390 934 450 1002 τὸν
472 932 575 1004 ἄλλον
596 938 674 1021 βίον
695 932 910 1024 ἐγρηγορότες
930 929 974 1002 τὰ
995 930 1103 1001 πολλὰ
1119 937 1158 1024 τῇ
1172 936 1265 1021 κοινῇ

209 1043 376 1134 perducti
399 1044 551 1132 σώματος
572 1048 636 1138 ζωῇ
655 1044 834 1135 χρώμεθα,
862 1042 947 1126 πλὴν
971 1045 1000 1111 εἰ’
1019 1069 1084 1112 πον
1111 1040 1196 1113 κατὰ
1225 1040 1264 1113 τὸ
1283 1061 1300 1112 6

210 1171 299 1231 νοεῖν
319 1160 376 1223 καὶ
398 1160 612 1225 διανοεῖσθαι
633 1169 703 1236 τοῖς
724 1159 894 1243 καθαροῖς
907 1152 1019 1241 λόγοις
1041 1154 1265 1246 ἀφιστάμεθα
1317 1162 1319 1165 ’

211 1269 269 1338 ἀπ’
289 1268 392 1336 αὐτοῦ
413 1266 643 1338 παντάπασιν·
673 1275 709 1335 εν
730 1270 765 1336 δὲ
788 1263 830 1349 δὴ
853 1270 899 1352 τῷ
920 1264 1098 1336 καθεύδειν
1120 1265 1264 1335 enotui-

210 1384 305 1467 μεθα
337 1384 505 1458 παντελῶς
538 1377 645 1468 ὥσπερ
679 1377 747 1448 ἀπό
776 1402 873 1450 τινων
906 1385 1153 1467 παρακειμένων
1185 1377 1300 1462 ἡμῖνέ)
1328 1388 1330 1391 ’

211 1495 350 1578 δεσμῶν,
371 1495 426 1560 καὶ
449 1495 487 1583 τῇ
509 1496 725 1584 κεχωρισμένῃ
748 1495 806 1570 τῆς
827 1494 982 1575 γενέσεως
1002 1491 1067 1581 ζωῇ
1084 1485 1264 1574 χρώμεθα·

212 1600 286 1670 τότε
310 1598 351 1682 δὴ
374 1593 433 1668 οὖν
456 1602 518 1669 εἴτε
540 1601 657 1689 νοερὸν
680 1602 740 1669 εἴτε
765 1605 863 1669 θεῖον
884 1596 1007 1668 ταύτὸν
1027 1600 1177 1688 ὑπάρχον
1203 1599 1265 1669 εἴτε

211 1718 268 1781 καὶ
290 1720 332 1792 έν,
355 1715 424 1797 ῖὸίρι
446 1712 602 1801 ἑκάτερον
628 1713 711 1780 καθ’
730 1710 830 1780 έαντὸ
859 1707 899 1779 ὂν
926 1709 965 1780 τὸ
988 1715 1047 1793 τῆς
1069 1713 1152 1792 ζωῆς
1179 1709 1266 1789 εἶδος
1284 1725 1317 1780 12

212 1823 411 1911 ἀνιχεῖρεται
433 1830 467 1891 έν
489 1824 569 1905 ἡμῖν
598 1829 654 1891 καὶ
676 1831 799 1910 ἐνεργεῖ
827 1817 1021 1916 ᾗπέφυκεν.
1067 1819 1176 1904 ἐπειδὴ
1206 1813 1265 1892 οὖν

212 1934 231 2002 ὁ
253 1938 313 2020 μὲν
337 1939 413 2013 νοῦς
434 1931 477 2002 td
499 1932 582 2002 ὄντα
604 1939 734 2024 θεωρεῖ,
756 1933 874 2019 λόγους
896 1937 931 2002 δὲ
953 1933 974 2015 ἡ
1000 1930 1091 2024 ψυχὴ
1121 1939 1186 2004 τῶν
1215 1959 1264 2019 χιι

212 2053 358 2132 νομένων
380 2053 415 2113 ἐν
439 2046 521 2138 αὐτῇ
542 2044 677 2116 πάντων
698 2051 842 2133 περιέχει,
872 2044 1001 2124 εἰκότως
1029 2045 1070 2127 ὃν)
1092 2039 1177 2114 κατὰ
1205 2042 1266 2124 τὴν
1285 2063 1317 2114 15

212 2163 425 2245 περιέχουσαν
447 2162 558 2226 αἰτίαν
580 2155 770 2243 τασσόμενα
793 2163 830 2222 ἐν
845 2167 915 2234 τοῖς
933 2161 1191 2245 προηγουμένοις
1206 2154 1265 2224 αὺ-

195 2272 277 2337 ’τῶν
301 2266 412 2355 λόχοις
432 2266 646 2356 προχενώσκει
668 2265 903 2353 rotpertum.

299 2383 371 2447 Καὶ
398 2379 519 2464 ταύτης
553 2380 582 2447 δ’
609 2384 655 2448 έτι
689 2382 892 2468 τελειοτέραν
925 2390 1070 2447 ποιεῖται
1097 2381 1266 2464 μαντείαν,
1285 2393 1318 2445 18

285 2655 326 2705 10.
355 2650 492 2720 γενέσεως]
512 2651 546 2702 aia
565 2655 595 2714 Α,
621 2651 737 2720 γνώσεως
756 2652 788 2704 0.
864 2653 905 2703 12.
932 2648 1056 2722 ἑκάτερον
1076 2651 1133 2718 ἰδέᾳ
1152 2653 1199 2702 A„

215 2915 322 2984 oportet
339 2916 375 2974 te,
394 2906 440 2961 ubi
457 2904 524 2960 baec
542 2908 665 2981 posueris
683 2915 818 2982 tamquam
835 2903 1004 2961 fundamenta
1023 2905 1186 2961 somniorum
1203 2923 1266 2960 vere

213 2991 468 3070 cognoscendorum,
480 2992 633 3047 universum
643 2991 814 3048 divinationis
824 3012 871 3069 per
881 2994 996 3067 quietem
1008 3010 1157 3047 sermonem
1166 2990 1265 3047 audire.

176 3084 197 3143 3
284 3079 387 3135 Dicunt
405 3079 486 3153 igitur
503 3078 638 3154 sapientes
650 3077 725 3146 baec,
744 3081 829 3136 anima
842 3077 976 3155 duplicem
987 3078 1068 3135 babet
1079 3079 1169 3145 vitam,
1187 3097 1267 3135 unam

212 3164 292 3221 simul
311 3185 370 3221 cum
389 3183 503 3241 corpore
521 3162 631 3219 alteram
653 3165 686 3219 ab
705 3166 777 3219 omni
796 3183 910 3241 corpore
927 3160 1111 3240 separabilem.
1159 3161 1266 3239 quando

212 3251 351 3328 vigilamus
371 3253 470 3307 utimur
487 3248 660 3328 utplurimum
678 3253 732 3308 vita
749 3271 819 3326 quac
836 3252 983 3308 communis
1002 3259 1045 3305 est
1065 3269 1126 3309 oum
1143 3267 1266 3326 corpore,

211 3348 399 3419 praeterquam
417 3337 549 3413 siquando
567 3358 582 3392 a
601 3356 714 3414 corpore
736 3357 848 3414 prorsus
872 3335 1051 3394 abalienemur
1072 3355 1122 3413 per
1144 3337 1267 3391 notticae

212 3434 257 3481 aut
274 3424 440 3480 dimoiiticae
457 3421 590 3479 facultatis
609 3425 780 3500 operationes
797 3442 893 3500 puram
911 3425 980 3480 inter
995 3421 1180 3481 dormiendum
1193 3441 1266 3489 vero,

211 3508 294 3566 soluti
310 3529 422 3587 prorsus
441 3530 456 3563 a
475 3509 633 3584 quibusdam
652 3512 728 3584 quasi
746 3511 853 3567 iniectis
872 3507 1002 3575 vinculis,
1025 3511 1081 3567 vita
1103 3505 1149 3565 illa
1167 3509 1268 3565 utimur

213 3616 228 3654 τ
246 3598 415 3670 generatione
432 3594 516 3651 libera
534 3605 561 3652 et
579 3604 713 3672 separata:
733 3605 760 3653 et
778 3607 842 3652 tunc
860 3594 927 3651 baec
940 3597 1016 3653 vitae
1028 3596 1135 3672 species
1148 3614 1216 3670 quse
1228 3596 1267 3650 iu·

212 3678 372 3742 tellectuatis
390 3688 433 3738 est
451 3691 478 3736 et
495 3681 597 3749 divina,
622 3684 680 3739 sive
698 3682 763 3740 haec
781 3681 853 3739 idem
875 3684 930 3741 siut
952 3683 1010 3740 sivo
1031 3690 1165 3756 utrunque
1185 3701 1268 3740 uuum

213 3765 279 3848 quid
297 3768 333 3823 sit
350 3768 474 3843 privatim
492 3787 542 3845 per
560 3788 590 3823 se
602 3769 730 3835 existens,
749 3769 840 3825 statim
852 3770 880 3825 in
891 3767 971 3826 nobis
983 3770 1186 3845 expergiscitur,
1203 3768 1268 3843 agit

214 3873 266 3929 que
284 3851 505 3927 quemadmodum
523 3873 572 3911 sua
588 3852 641 3910 iert
659 3863 759 3912 natura.
808 3857 934 3930 quoniam
950 3874 1016 3914 vero
1034 3874 1110 3913 meus
1122 3856 1194 3913 entia
1206 3872 1269 3911 τοο·

212 3936 369 4016 templatim,
392 3939 478 3995 anima
500 3949 587 3999 autem
610 3941 800 4016 generabilium
823 3943 940 3999 omnium
962 3943 991 3999 iu
1010 3961 1040 3997 se
1062 3943 1179 3998 rationes
1198 3958 1269 3997 oom-

212 4025 348 4105 plectitur‚
368 4042 421 4080 uon
439 4026 534 4080 mirum
551 4036 593 4083 est
611 4029 635 4083 si
654 4027 800 4086 secundum
818 4049 924 4085 causam
942 4026 1214 4104 comprehendentem
1231 4023 1270 4081 lu·

213 4123 280 4180 tura,
300 4113 328 4167 in
345 4109 567 4188 praecedentibus
586 4133 615 4168 ea
634 4115 780 4172 rationibus
799 4114 920 4172 ordinata
937 4122 1104 4192 praenoscat

215 4253 219 4257 .
284 4197 340 4259 Sed
358 4199 382 4256 si
401 4199 486 4258 anima
504 4198 613 4277 copulet
629 4200 838 4269 universalibus·
857 4201 988 4277 aquibus
1010 4199 1100 4260 decisa
1125 4209 1179 4267 ost,
1203 4197 1269 4257 duaa
