2776 4876
212 381 335 426 mvn!
592 366 735 446 Porphyrii
753 367 876 446 epistola.

155 539 196 598 27
296 523 367 594 ’Ότι
388 530 524 604 πολλοῖς
545 525 564 592 ὁ
587 522 731 616 ἀγύρτης
752 529 798 611 τῷ
819 523 969 614 κεχηνότι
982 528 1043 608 τῆς
1061 525 1265 611 προσδοκίας

212 637 305 725 ἡμῶν
326 637 521 705 ἐπιτίθεται.

155 754 196 816 28
304 748 401 817 Πάνυ
421 752 457 816 δέ
479 775 521 836 με
544 748 693 838 θράττει,
716 752 786 827 πῶς
807 749 851 828 ῶς
872 752 1037 837 κρείττους
1051 744 1300 836 conamini-3

211 885 305 948 μενοι
318 859 548 928 λπιτάττονται
563 860 606 939 ῶς
618 867 755 950 χείρους,
776 865 834 927 καὶ
852 863 981 927 δίκαιον
998 856 1082 928 εἶναι
1097 858 1267 940 ἀξιοῦντες

211 967 271 1040 τόν
291 970 499 1063 θεράποντα,
520 973 563 1040 τά
586 969 684 1040 ἀδικα
707 972 803 1040 αὐτοὶ
824 975 1055 1049 κελευσθέντες
1078 974 1163 1060 δρᾶν
1185 970 1266 1038 ῦπα-

210 1088 354 1169 μένονσι,
375 1089 432 1151 καὶ
453 1090 598 1173 καθαρῷ
620 1089 680 1170 μὲν
701 1079 747 1172 μὴ
772 1080 844 1150 ὄντι
866 1083 902 1163 ἐξ
923 1083 1132 1173 ἀφροδισίων
1149 1081 1209 1150 οὐκ
1222 1076 1301 1155 civo

210 1199 365 1263 καλοῦντι
378 1195 609 1277 ὑπακούσαιεν,
633 1196 729 1262 αὐτοὶ
743 1198 779 1262 δὲ
795 1192 887 1281 ἀχειν
902 1203 946 1274 ελς
960 1192 1143 1282 παροίνομα
1158 1193 1267 1286 ἀφρο-

209 1310 301 1375 δίσια
322 1305 399 1386 τοὺς
419 1306 579 1395 τυχόντας
601 1307 661 1375 οὐκ
682 1307 845 1374 ὀκνοῦσιν.

153 1415 194 1475 29
298 1422 371 1486 Καὶ
395 1416 462 1486 ἀπὸ
485 1417 641 1512 ἐμψύχων
662 1423 723 1505 μὲν
751 1418 880 1506 ἀποχῆς
901 1416 1066 1486 κελεύουσι
1093 1419 1162 1483 δεῖν
1185 1413 1302 1484 atomo

210 1525 289 1608 τοῦς
310 1529 501 1623 ὑποφήτας,
530 1537 587 1598 ἵνα
608 1526 654 1616 μὴ
677 1543 747 1608 τοῖς
775 1527 842 1596 ἀπὸ
871 1536 937 1597 τῶν
959 1527 1121 1616 σωμοίτων
1149 1527 1268 1614 ἀτμοῖς

206 1644 418 1729 χραίνωνται,
440 1643 536 1710 αὐτοὶ
556 1644 593 1709 δὲ
614 1641 734 1726 ἀτμοῖς
754 1646 886 1711 θυσιῶν
908 1654 978 1720 τοῖς
999 1638 1068 1709 ἀπό
1089 1638 1180 1722 ζῶσιν
1201 1636 1267 1725 μα’-

212 1756 311 1819 λιστα
333 1752 549 1835 δελεόζοντατ,
575 1758 631 1820 καὶ
654 1757 772 1841 νεκροῦ
798 1759 859 1839 μὲν
881 1753 991 1839 ἀθιχῆ
1012 1757 1082 1820 δεῖν
1103 1751 1188 1820 εἶναι
1207 1746 1268 1820 τόν
1286 1762 1320 1814 12

210 1862 374 1947 ἐπόπτην,
403 1860 458 1931 διά
487 1868 610 1954 νεκρῶν
638 1867 673 1932 δὲ
698 1861 740 1931 τά
763 1859 871 1932 πολλοὶ
900 1863 990 1946 ζῶον
1018 1871 1056 1932 αλ
1082 1867 1270 1950 θεαχωχίαι

282 2036 306 2088 3.
336 2038 366 2089 δέ
381 2057 432 2088 om.
452 2036 549 2088 Theod.
668 2037 748 2090 4-6.
775 2032 1132 2107 ἀξιοῦντες-ὑπομένουσι]
1156 2053 1268 2103 κατηγο·

279 2119 388 2192 ροῦντες
411 2120 459 2175 τόν
478 2123 637 2193 θεράποντα
655 2122 822 2185 κολάζεσθαι
839 2125 876 2175 τὰ
900 2119 980 2175 ἄδικα
999 2124 1164 2194 πράττοντα,
1187 2117 1268 2173 αὐτοὶ

279 2205 560 2267 nemausensibus
578 2208 643 2279 δρᾶν
661 2207 846 2278 ῦπομίνονσιν.
874 2210 971 2262 'l'lreod⁴
1108 2211 1189 2261 6-7.
1215 2201 1266 2259 σῦκ

277 2291 513 2360 -ῦπακούσαεενῙ
532 2293 655 2348 καλοῦντι
673 2292 722 2361 οῦχ
740 2293 930 2359 ὑπακούουσιν.
950 2296 1049 2347 Theod.
1148 2296 1174 2346 8.
1200 2293 1267 2352 τοὺς

277 2379 424 2447 τυχόντας]
443 2382 507 2440 τούς
524 2380 665 2440 τοιούτους
681 2379 703 2449 ἤ
717 2380 818 2451 μᾶλλον
838 2386 919 2434 εἰπεῖν
936 2381 1000 2441 τοὺς
1012 2381 1152 2448 τυχόντας.
1174 2380 1267 2431 Euacb.

278 2469 304 2531 5,
323 2469 348 2519 7.
447 2469 471 2520 9.
499 2471 544 2520 καλ
561 2487 612 2518 orn.
632 2467 728 2518 Theod.
826 2470 868 2521 ll.
881 2470 922 2519 12.
951 2465 1048 2536 ἀτμοῖς
1065 2476 1122 2528 τοῖς
1140 2463 1196 2520 ’ἀπό
1216 2464 1268 2519 τὸν

278 2554 381 2606 θυσιῶν
398 2551 524 2622 μάλιστα.
544 2553 642 2606 Thood.
715 2556 756 2606 13.
784 2554 820 2607 τοὶ
840 2554 926 2606 πολλοὶ
945 2572 995 2605 orn.
1014 2555 1114 2606 Theod.

206 2693 311 2745 Fontes:
347 2692 424 2760 527.
452 2696 482 2745 cf.
503 2694 654 2759 Augustinus
673 2695 705 2744 de
723 2693 768 2745 civ.
789 2694 838 2745 Dei
857 2697 955 2758 10,11.
1063 2693 1145 2763 ΜΘ.
1172 2695 1268 2747 Jambl.

278 2781 303 2840 4,
313 2780 329 2830 l
340 2794 363 2830 et
373 2783 414 2831 11.
448 2777 596 2847 §28-31.
616 2780 765 2833 Theodoret.
775 2801 811 2846 gr.
821 2783 862 2834 att.
873 2802 924 2832 cnr.
935 2802 960 2850 p.
967 2781 1002 2833 48
1012 2783 1083 2854 sylb.
1093 2802 1119 2850 p.
1127 2781 1267 2833 133-135

279 2865 357 2916 Gaios.
394 2864 417 2931 ὅ
428 2864 543 2918 28-34.
560 2867 652 2918 Euseb.
667 2887 705 2936 pr.
718 2886 755 2919 ev.
768 2867 793 2928 5,
806 2868 856 2918 'iet
866 2870 915 2931 103
936 2866 961 2929 l,
972 2869 1031 2921 199.
1042 2866 1108 2933 2005
1126 2866 1268 2919 206-208

279 2951 352 3003 llein.
460 2950 537 3018 §22
564 2953 658 3005 Jambl.
677 2955 702 3015 5,
722 2955 734 3004 l
757 2969 781 3005 et
801 2955 848 3016 10;
876 2954 900 3017 6,
922 2957 945 3006 l.

151 3121 191 3181 27
279 3119 362 3194 Quod
379 3119 549 3177 multifariam
566 3122 696 3201 deceptor
714 3124 793 3180 nobis
817 3123 930 3180 iusidias
948 3132 1048 3191 struat,
1072 3121 1266 3199 cupiditatibus

208 3210 309 3263 nostris
327 3206 420 3262 fretus.

150 3290 192 3352 28
279 3293 322 3350 tte
340 3292 449 3371 quidem
473 3293 542 3350 illud
564 3294 736 3352 vehementer
760 3305 925 3363 commoret,
948 3294 994 3350 ubi
1018 3314 1122 3351 meeum
1145 3296 1205 3372 ipse
1226 3313 1268 3350 re·

206 3390 281 3459 puto,
308 3383 355 3457 qui
373 3380 433 3436 fieri
451 3382 547 3458 possit,
571 3392 601 3437 ut
619 3403 733 3459 qnorum
749 3381 835 3439 veluti
852 3383 1034 3458 augustiornm
1057 3402 1088 3436 ac
1106 3381 1267 3437 diviniorum

207 3486 287 3543 opem
303 3465 485 3544 imploremus,
504 3470 524 3523 ii
542 3478 631 3524 tamen
648 3469 760 3546 perinde
778 3479 807 3524 ut
825 3467 982 3524 humiliores
1001 3489 1032 3523 ac
1051 3467 1200 3523 deteriores
1219 3466 1267 3522 ob-

207 3551 306 3620 ediant,
326 3556 423 3630 quique
442 3552 554 3610 clientes
573 3556 626 3632 ipsi
643 3574 709 3610 suos
727 3558 888 3630 aequitatem
906 3553 995 3611 colere
1012 3553 1106 3622 velint,
1125 3553 1208 3611 iidem
1226 3555 1268 3609 iu·

208 3639 287 3693 iustis
306 3641 425 3716 imperiis
444 3641 557 3717 obsequi
570 3643 714 3709 sustinent,
733 3641 854 3717 adeoque
866 3661 926 3697 cum
938 3661 1031 3696 eornm
1042 3649 1105 3696 vota
1117 3660 1269 3718 precesque

208 3723 351 3802 repudient
368 3729 415 3802 qni
432 3727 466 3783 ad
485 3748 545 3784 sese
562 3730 651 3783 minus
670 3727 717 3783 abs
736 3747 766 3782 re
778 3748 892 3783 venerea
903 3730 966 3806 puri
979 3731 1152 3796 accesserint,
1170 3728 1268 3784 obvios

208 3830 331 3887 quosque
347 3821 436 3868 tamen
453 3814 487 3869 ad
505 3816 624 3870 incestos
643 3812 801 3869 concubitus
820 3835 896 3891 agere
914 3835 970 3870 non
987 3825 1132 3871 morentur.

150 3900 189 3959 29
278 3897 364 3953 Porro
388 3909 464 3954 vates
487 3899 596 3975 quidem
619 3902 834 3977 interpretesque
859 3921 923 3957 snos
941 3903 1022 3958 rebus
1045 3905 1168 3958 animatis
1186 3902 1268 3958 absti-

206 4004 270 4041 nere
292 3984 398 4053 iubent,
424 4005 457 4040 ne
481 3988 619 4062 corporeis
643 3986 857 4044 exhalationibus
879 3989 1046 4057 inficiantur,
1072 3991 1267 4047 sacrificiorum

206 4082 296 4128 tamen
315 4092 383 4149 quae
401 4092 434 4127 ex
453 4069 610 4128 animalibus
634 4073 694 4129 fieri
713 4074 802 4131 solent
819 4077 964 4153 vaporibus
983 4066 1097 4133 maline
1116 4079 1266 4156 capiuntur,

207 4179 238 4214 ac
256 4169 390 4216 mortuum
416 4156 524 4234 quidem
547 4180 561 4212 a
586 4178 723 4215 sacrorum
745 4182 855 4218 snorum
877 4163 1076 4242 inspectoribus
1100 4167 1171 4242 tangi
1192 4163 1267 4220 nefas

207 4264 267 4301 esse
285 4256 414 4315 statuunt,
433 4247 519 4302 caesis
532 4256 620 4302 tamen
632 4248 750 4304 victimis
763 4249 873 4307 deorum
887 4253 1057 4307 evocationes
1069 4262 1174 4327 partem
1186 4252 1268 4309 maxi·
