2776 4876
129 346 182 411 4,ss
1135 345 1189 403 189

128 500 276 582 δηλῶσαι
305 493 344 565 τὰ
367 495 522 566 καθόλου
539 503 600 565 ,καὶ
628 496 739 566 πάντα
767 505 917 588 περιέχον
943 504 1036 584 γένος
1064 503 1125 582 τῆς
1152 508 1188 568 ὲν

128 620 202 690 ταῖς
224 612 331 688 δίκαις
353 614 511 701 λατρείας.

94 741 109 793 3
212 717 286 790 Ἵνα
308 724 423 788 τοίνυν
444 729 479 788 ἐκ
500 724 692 809 περιουσίας
714 718 992 807 διαγωνισυίμεθα
1022 717 1106 810 πρὸς
1127 718 1188 802 την
1205 732 1233 790 (t

130 837 192 902 νῦν
215 836 396 917 λεγομένην
419 831 608 925 ἀντίληψιν,
638 833 745 917 δῶμεν
768 839 795 899 ελ
815 830 928 919 βούλει
950 837 1006 900 καὶ
1033 826 1071 899 τὸ
1094 837 1188 900 ἐυαν-

129 947 203 1012 τίον
225 934 265 1011 οὗ
287 940 582 1027 κατεσκευάσαμεν,
606 941 649 1020 ὡς
672 938 771 1010 ἀδικά
794 969 868 1012 τινα
883 946 1037 1033 δρᾶσθαι
1060 950 1094 1013 ὲν
1117 955 1190 1024 ταῖς

96 1052 218 1130 εκατά
238 1050 298 1134 τάς
319 1052 449 1137 κλήσεις
471 1056 728 1142 πραγματείαις·
758 1051 811 1122 ὅτι
831 1060 944 1124 τοίνυν
967 1054 1042 1122 οὐδὲ
1064 1054 1189 1123 τούτων

131 1172 296 1235 αίτιατέον
318 1158 396 1244 τοὺς
411 1161 515 1244 θεοὺς
530 1162 681 1233 αὐτόθεν
695 1170 756 1253 μὲν
769 1165 954 1256 πρόδηλον·
977 1172 1009 1234 ot
1024 1147 1088 1256 γάρ
1105 1166 1190 1252 ἀγα-ι

131 1281 195 1346 θοί
217 1277 364 1364 ἀγαθῶν
387 1281 469 1346 είσὶυ
491 1277 599 1357 α’ίτιοι,
621 1280 724 1345 κακοῦ
745 1280 780 1345 δὲ
802 1274 927 1356 παντὸς
950 1277 1110 1370 ἀναίτιοι·
1134 1283 1190 1346 καὶ

98 1395 164 1461 tot
188 1392 266 1458 θεοὶ
288 1389 363 1457 κατ’
385 1388 503 1458 οὐσίαν
526 1391 636 1476 ἔχουσι
650 1383 687 1454 τὸ
703 1385 858 1473 ἀγαθόν·
882 1388 977 1456 οὐδὲν
992 1385 1059 1477 ἀρα
1074 1385 1190 1457 ἀδικον
1229 1390 1230 1400 ’

132 1505 293 1569 ποιοῦσιν.
338 1498 425 1568 ἀλλά
447 1495 514 1590 ἀρα
536 1496 579 1567 τά
594 1499 684 1566 α’ίτια
699 1501 765 1565 τῶν
778 1503 975 1587 πλημμελῶς
988 1506 1190 1586 γιγνομένων

134 1614 307 1695 ζητητέον·
343 1619 371 1679 εί
399 1614 435 1679 δὲ
456 1608 503 1697 μη
526 1609 593 1678 οἷοί
614 1615 649 1676 τί
671 1616 769 1696 ἐσμεν
798 1610 903 1700 εὑρεῖν
932 1609 1032 1691 αὐτοί,
1060 1611 1100 1678 οὐ
1125 1609 1190 1700 χρη

81 1741 115 1794 12
132 1725 316 1812 προίεσθαι
338 1718 399 1805 τὴν
420 1721 539 1804 ἀληθῆ
557 1715 644 1808 περὶ
665 1723 759 1787 θεῶν
787 1725 931 1802 ἔννοιαν,
961 1721 1036 1788 οὐδὲ
1065 1722 1120 1788 διδ
1147 1717 1191 1788 τά

133 1832 433 1926 ἀμφισβητούμενα
456 1840 483 1901 εί
504 1838 631 1921 γίνεται
652 1834 708 1898 καὶ
730 1826 819 1909 ὅπως
833 1835 959 1917 γίνεται
973 1830 1191 1925 ἀφίστασθαι

130 1942 195 2035 χρὴ
217 1946 278 2027 τῆς
307 1940 410 2024 ὄντος
437 1949 596 2032 ἐναργοῦς
618 1947 692 2030 περὶ
720 1944 813 2010 θεῶν
839 1946 985 2022 ἐννοίας·
1012 1940 1098 2011 πολὺ
1125 1939 1191 2033 γάρ

82 2077 116 2128 15
133 2058 265 2142 βέλτιον
289 2055 422 2140 ἀγνοεῖν
443 2054 739 2141 προσομολογῆσαι
760 2048 823 2135 τὴν
845 2053 989 2122 ἀτοπίαν
1011 2057 1071 2136 της
1093 2053 1191 2123 δυνά-

134 2191 233 2253 μεως,
261 2168 331 2244 πῶς
358 2161 402 2230 τά
430 2160 529 2230 ἀδικα
558 2162 807 2252 διαπράττεται,
837 2161 859 2245 ἢ
887 2169 1098 2255 συγχωρῆσαι
1118 2171 1192 2256 περί

207 2448 231 2500 5.
259 2441 491 2514 κατιστευάκαμιν
509 2445 540 2496 Α.
558 2437 570 2510 ΙΙ
587 2437 685 2511 docnt]
705 2438 790 2511 ἀδηλά
808 2441 839 2495 Β.
856 2438 869 2512 ΙΙ
885 2441 1022 2515 δρᾶσθαι]
1042 2441 1141 2515 δρᾶσαι
1159 2444 1190 2510 Β,

206 2528 304 2604 δρᾶται
321 2531 355 2594 D,
382 2529 499 2604 δρᾶστσιι
516 2529 545 2582 C.
631 2531 656 2582 t.
683 2531 870 2602 πραγματείας
889 2529 923 2582 Ι).
944 2523 957 2597 ΙΙ
979 2524 1055 2598 οὐδὲ]
1075 2526 1137 2585 οὔτε
1156 2532 1190 2586 Ο.

205 2617 230 2670 8.
259 2612 506 2671 κακοῦ-ἀναίτιοι
524 2635 575 2669 om.
594 2615 628 2668 Ο.
720 2617 761 2669 10.
789 2613 944 2685 πλημμελῶν
964 2618 994 2668 Α.
1084 2619 1126 2670 ll.
1149 2613 1189 2682 ελ]

207 2698 250 2756 ἀεὶ
266 2703 299 2756 Β.
372 2704 414 2756 13.
442 2704 562 2770 γίνονται
578 2697 643 2768 (bis)
661 2701 716 2766 AC,
742 2704 843 2771 γίνεται
855 2697 1002 2770 (alterum)]
1021 2706 1139 2772 γίνονται
1156 2704 1190 2757 Ι).

206 2791 249 2843 14.
277 2788 360 2857 πολὺ]
381 2791 441 2862 πρίν
459 2790 493 2841 Ι).
602 2790 644 2842 lb·
672 2783 784 2842 ἀτονίαν
803 2788 867 2841 Gale
884 2803 937 2843 σοι.

137 3120 193 3170 nes,
212 3102 240 3155 iu
259 3099 355 3181 quibus
374 3097 481 3156 ostendi
499 3096 648 3175 generalem
667 3096 786 3173 aliasque
804 3098 832 3152 iu
845 3116 875 3153 se
887 3097 1109 3176 complectentem
1120 3102 1192 3158 riam

136 3185 171 3242 ad
189 3183 321 3242 sanandas
340 3193 432 3242 contra
450 3183 541 3241 diviua
560 3183 657 3240 iudicia
676 3182 849 3239 obiectiones.

72 3263 77 3270 ’
208 3269 264 3327 Sed
281 3269 458 3327 concedamus
477 3273 501 3326 si
518 3271 570 3337 vis,
588 3278 618 3324 ut
635 3288 668 3325 ex
686 3268 912 3346 superabundanti
928 3271 1045 3346 positam
1057 3291 1192 3349 oppugne-
1208 3272 1229 3331 6

136 3376 196 3413 mus
214 3357 399 3424 oblationem,
412 3356 447 3412 id
465 3355 538 3433 quod
555 3365 663 3411 nostrae
681 3356 829 3411 sententiae
848 3357 1010 3411 contrarium
1022 3365 1073 3424 est,
1092 3359 1192 3413 iniusta

136 3443 279 3520 aliquando
297 3444 451 3519 contingere
469 3463 503 3499 ex
519 3442 572 3498 hoc
591 3442 790 3498 invocationum
802 3443 924 3518 negoti03
944 3462 1009 3498 saue
1024 3461 1069 3497 res
1081 3443 1140 3518 ipsa
1153 3440 1193 3496 lo-

137 3532 227 3606 quitur
239 3528 304 3584 deos
316 3536 450 3603 tamquam
462 3548 555 3584 causas
567 3547 733 3604 nequaquam
745 3537 871 3605 oportere
883 3527 1045 3584 insimulare.
1092 3529 1193 3606 quippe

136 3615 200 3671 boui
217 3612 357 3680 bonorum,
376 3631 542 3689 nequaquam
560 3624 648 3670 autem
659 3612 790 3671 malorum
802 3623 866 3669 suut
878 3633 981 3680 causae,
1000 3615 1081 3670 immo
1093 3614 1193 3671 bonum

137 3700 190 3757 diis
209 3706 252 3753 est
269 3695 424 3754 essentiale:
443 3700 572 3757 iuiustum
591 3719 654 3777 ergo
672 3698 740 3755 nibil
758 3698 866 3755 faciunt.
912 3718 994 3775 quare
1011 3697 1076 3757 alibi
1098 3720 1192 3758 causas

137 3787 237 3841 iniuste
254 3781 385 3839 factorum
403 3803 530 3859 quaerere
547 3785 689 3842 debemus:
713 3803 779 3860 quas
798 3786 824 3840 si
841 3782 910 3840 forte
927 3803 982 3840 nou
999 3784 1133 3843 valeamus
1154 3788 1194 3842 in·

137 3872 236 3938 venire,
255 3888 310 3924 non
328 3869 463 3947 oportebit
480 3890 572 3927 reram
589 3870 622 3928 de
641 3871 694 3926 diis
713 3871 803 3926 statim
814 3871 948 3946 proiicere
961 3873 1123 3948 opinionem,
1139 3893 1193 3928 nec

135 3965 248 4035 propter
264 3953 418 4012 huiusmodi
436 3954 630 4023 dubitationes,
654 3975 688 4010 au
711 3953 780 4010 mala
803 3955 870 4011 liant
892 3978 906 4012 a
931 3955 984 4013 diis
1008 3968 1036 4014 et
1057 3957 1193 4034 quomodo

136 4043 213 4111 fiunt,
237 4045 357 4121 peierare
375 4051 476 4099 certam
493 4040 529 4098 de
546 4040 599 4098 diis
618 4050 646 4096 et
662 4039 827 4097 manifestam
845 4044 991 4100 scientiam.
1037 4041 1121 4099 multo
1139 4062 1194 4099 me·

136 4127 190 4185 lius
209 4138 251 4184 est
268 4138 420 4185 nostrarum
436 4129 534 4184 virium
552 4124 765 4184 imbecillitatem
774 4128 896 4206 profiteri
909 4129 944 4186 ad
955 4127 1084 4185 malorum
1098 4147 1193 4186 causas

138 4213 319 4292 assignandas,
342 4233 420 4291 quam
438 4212 606 4272 mendacium
624 4211 658 4271 de
677 4212 730 4271 diis
747 4223 776 4270 et
792 4213 961 4293 impossibile
978 4210 1081 4288 aliquid
1099 4232 1193 4272 conce·
