<?xml version="1.0" encoding="UTF-8"?>
<!DOCTYPE html PUBLIC "-//W3C//DTD XHTML 1.0 Transitional//EN"
    "http://www.w3.org/TR/xhtml1/DTD/xhtml1-transitional.dtd">
<html xmlns="http://www.w3.org/1999/xhtml" xml:lang="en" lang="en">
 <head>
  <title>
</title>
<meta http-equiv="Content-Type" content="text/html;charset=utf-8" />
  <meta name='ocr-system' content='tesseract 3.04.00' />
  <meta name='ocr-capabilities' content='ocr_page ocr_carea ocr_par ocr_line ocrx_word'/>
</head>
<body>
  <div class='ocr_page' id='page_1' title='image "./jamblichidemyst00jambgoog_0201.png"; bbox 0 0 2776 4876; ppageno 0'>
   <div class='ocr_carea' id='block_1_1' title="bbox 212 354 1267 418">
    <p class='ocr_par' dir='ltr' id='par_1_1' title="bbox 212 354 1267 418">
     <span class='ocr_line' id='line_1_1' title="bbox 212 354 1267 418; baseline -0.001 -9"><span class='ocrx_word' id='word_1_1' title='bbox 212 354 246 409; x_wconf 70' lang='lat'><em>92</em></span> <span class='ocrx_word' id='word_1_2' title='bbox 1195 355 1267 418; x_wconf 60' lang='lat' dir='ltr'><strong>uto</strong></span> 
     </span>
    </p>
   </div>
   <div class='ocr_carea' id='block_1_2' title="bbox 208 502 1315 1822">
    <p class='ocr_par' dir='ltr' id='par_1_2' title="bbox 208 502 1315 1822">
     <span class='ocr_line' id='line_1_2' title="bbox 212 502 1267 595; baseline 0 -20"><span class='ocrx_word' id='word_1_3' title='bbox 212 511 440 595; x_wconf 81' lang='grc' dir='ltr'><em>διελίγγονται,</em></span> <span class='ocrx_word' id='word_1_4' title='bbox 455 513 509 574; x_wconf 81' lang='grc' dir='ltr'><em>καὶ</em></span> <span class='ocrx_word' id='word_1_5' title='bbox 526 506 825 593; x_wconf 78' lang='grc' dir='ltr'><em>ἀποδοκιμάζουσιν</em></span> <span class='ocrx_word' id='word_1_6' title='bbox 840 505 948 575; x_wconf 83' lang='grc' dir='ltr'><em>αὐτῶν</em></span> <span class='ocrx_word' id='word_1_7' title='bbox 963 502 1023 588; x_wconf 75' lang='grc' dir='ltr'><em>τὴν</em></span> <span class='ocrx_word' id='word_1_8' title='bbox 1034 511 1267 594; x_wconf 75' lang='grc' dir='ltr'><strong><em>πεπλασμένην</em></strong></span> 
     </span>
     <span class='ocr_line' id='line_1_3' title="bbox 212 617 1266 708; baseline -0.001 -22"><span class='ocrx_word' id='word_1_9' title='bbox 212 625 438 708; x_wconf 91' lang='grc' dir='ltr'><em>προσποίησιν,</em></span> <span class='ocrx_word' id='word_1_10' title='bbox 461 619 504 698; x_wconf 82' lang='grc' dir='ltr'><em>ῶς</em></span> <span class='ocrx_word' id='word_1_11' title='bbox 526 618 678 704; x_wconf 79' lang='grc' dir='ltr'><em>οὐδαμῶς</em></span> <span class='ocrx_word' id='word_1_12' title='bbox 690 617 905 707; x_wconf 81' lang='grc' dir='ltr'><em>ὑπάρχουσαν</em></span> <span class='ocrx_word' id='word_1_13' title='bbox 920 617 1096 699; x_wconf 77' lang='grc' dir='ltr'><em>ἀληθινῶν</em></span> <span class='ocrx_word' id='word_1_14' title='bbox 1108 623 1165 689; x_wconf 86' lang='grc' dir='ltr'><em>καὶ</em></span> <span class='ocrx_word' id='word_1_15' title='bbox 1180 619 1266 704; x_wconf 84' lang='grc' dir='ltr'><em>ἀγα-</em></span> 
     </span>
     <span class='ocr_line' id='line_1_4' title="bbox 212 726 1298 822; baseline 0.002 -26"><span class='ocrx_word' id='word_1_16' title='bbox 212 735 287 797; x_wconf 92' lang='grc' dir='ltr'><em>θῶν</em></span> <span class='ocrx_word' id='word_1_17' title='bbox 307 728 510 815; x_wconf 89' lang='grc' dir='ltr'><em>πνευμάτων.</em></span> <span class='ocrx_word' id='word_1_18' title='bbox 557 729 631 799; x_wconf 76' lang='grc' dir='ltr'><em>οὐδὲ</em></span> <span class='ocrx_word' id='word_1_19' title='bbox 659 733 708 797; x_wconf 89' lang='grc' dir='ltr'><em>δεῖ</em></span> <span class='ocrx_word' id='word_1_20' title='bbox 735 726 777 796; x_wconf 88' lang='grc' dir='ltr'><em>τά</em></span> <span class='ocrx_word' id='word_1_21' title='bbox 806 728 1032 818; x_wconf 80' lang='grc' dir='ltr'><em>ἁμαρτήματα</em></span> <span class='ocrx_word' id='word_1_22' title='bbox 1060 736 1298 822; x_wconf 81' lang='grc' dir='ltr'><em>παραφέρειν3</em></span> 
     </span>
     <span class='ocr_line' id='line_1_5' title="bbox 211 837 1265 934; baseline 0.002 -27"><span class='ocrx_word' id='word_1_23' title='bbox 211 848 245 909; x_wconf 88' lang='grc' dir='ltr'><em>ἑν</em></span> <span class='ocrx_word' id='word_1_24' title='bbox 267 847 305 934; x_wconf 73' lang='grc' dir='ltr'><em>τῇ</em></span> <span class='ocrx_word' id='word_1_25' title='bbox 327 840 475 933; x_wconf 78' lang='grc' dir='ltr'><em>ἀληθινῇ</em></span> <span class='ocrx_word' id='word_1_26' title='bbox 496 853 600 929; x_wconf 84' lang='grc' dir='ltr'><em>κρίσει</em></span> <span class='ocrx_word' id='word_1_27' title='bbox 620 846 684 907; x_wconf 90' lang='grc' dir='ltr'><em>τῶν</em></span> <span class='ocrx_word' id='word_1_28' title='bbox 707 837 820 907; x_wconf 84' lang='grc' dir='ltr'><em>ὄντων.</em></span> <span class='ocrx_word' id='word_1_29' title='bbox 859 840 933 908; x_wconf 85' lang='grc' dir='ltr'><em>οίιδὲ</em></span> <span class='ocrx_word' id='word_1_30' title='bbox 956 838 1020 928; x_wconf 89' lang='grc' dir='ltr'><em>γάρ</em></span> <span class='ocrx_word' id='word_1_31' title='bbox 1043 845 1095 908; x_wconf 74' lang='lat' dir='ltr'><em>ini</em></span> <span class='ocrx_word' id='word_1_32' title='bbox 1118 845 1183 908; x_wconf 91' lang='grc' dir='ltr'><em>τῶν</em></span> <span class='ocrx_word' id='word_1_33' title='bbox 1205 838 1265 909; x_wconf 86' lang='grc' dir='ltr'><em>ἀλ-</em></span> 
     </span>
     <span class='ocr_line' id='line_1_6' title="bbox 210 944 1265 1044; baseline 0.002 -26"><span class='ocrx_word' id='word_1_34' title='bbox 210 957 276 1020; x_wconf 83' lang='grc' dir='ltr'><em>λων</em></span> <span class='ocrx_word' id='word_1_35' title='bbox 298 957 483 1038; x_wconf 81' lang='grc' dir='ltr'><em>ἐπιστημῶν</em></span> <span class='ocrx_word' id='word_1_36' title='bbox 506 947 528 1034; x_wconf 78' lang='grc' dir='ltr'><em>ἢ</em></span> <span class='ocrx_word' id='word_1_37' title='bbox 550 956 670 1039; x_wconf 85' lang='grc' dir='ltr'><em>τεχνῶν</em></span> <span class='ocrx_word' id='word_1_38' title='bbox 691 951 753 1043; x_wconf 75' lang='grc' dir='ltr'><em>ἀφ’</em></span> <span class='ocrx_word' id='word_1_39' title='bbox 773 944 819 1017; x_wconf 82' lang='grc' dir='ltr'><em>ῶν</em></span> <span class='ocrx_word' id='word_1_40' title='bbox 841 948 863 1017; x_wconf 91' lang='grc' dir='ltr'><em>ἀ</em></span> <span class='ocrx_word' id='word_1_41' title='bbox 886 951 1151 1044; x_wconf 82' lang='grc' dir='ltr'><em>διασφάλλονται</em></span> <span class='ocrx_word' id='word_1_42' title='bbox 1172 950 1214 1019; x_wconf 86' lang='grc' dir='ltr'><em>τά</em></span> <span class='ocrx_word' id='word_1_43' title='bbox 1231 960 1265 1021; x_wconf 85' lang='grc' dir='ltr'><em>ἑν</em></span> 
     </span>
     <span class='ocr_line' id='line_1_7' title="bbox 209 1060 1298 1149; baseline 0.001 -21"><span class='ocrx_word' id='word_1_44' title='bbox 209 1062 322 1141; x_wconf 81' lang='grc' dir='ltr'><em>αὐτοῖς</em></span> <span class='ocrx_word' id='word_1_45' title='bbox 344 1067 423 1149; x_wconf 85' lang='grc' dir='ltr'><em>ἑργα</em></span> <span class='ocrx_word' id='word_1_46' title='bbox 446 1060 673 1149; x_wconf 88' lang='grc' dir='ltr'><em>δοκιμάζομεν.</em></span> <span class='ocrx_word' id='word_1_47' title='bbox 1283 1085 1298 1136; x_wconf 78' lang='lat' dir='ltr'><strong>o</strong></span> 
     </span>
     <span class='ocr_line' id='line_1_8' title="bbox 208 1169 1264 1262; baseline -0.002 -20"><span class='ocrx_word' id='word_1_48' title='bbox 208 1169 225 1202; x_wconf 75' lang='lat'><strong><em>‘</em></strong></span> <span class='ocrx_word' id='word_1_49' title='bbox 300 1171 361 1256; x_wconf 70' lang='lat' dir='ltr'><em>Mn*</em></span> <span class='ocrx_word' id='word_1_50' title='bbox 384 1180 495 1243; x_wconf 86' lang='grc' dir='ltr'><em>τοίνυν</em></span> <span class='ocrx_word' id='word_1_51' title='bbox 517 1175 599 1260; x_wconf 82' lang='grc' dir='ltr'><em>μηδὲ</em></span> <span class='ocrx_word' id='word_1_52' title='bbox 622 1176 774 1241; x_wconf 83' lang='grc' dir='ltr'><em>ἑνταῶθα</em></span> <span class='ocrx_word' id='word_1_53' title='bbox 797 1171 838 1240; x_wconf 87' lang='grc' dir='ltr'><em>τά</em></span> <span class='ocrx_word' id='word_1_54' title='bbox 861 1171 957 1260; x_wconf 81' lang='grc' dir='ltr'><em>μόλις</em></span> <span class='ocrx_word' id='word_1_55' title='bbox 978 1178 1034 1242; x_wconf 86' lang='grc' dir='ltr'><em>καὶ</em></span> <span class='ocrx_word' id='word_1_56' title='bbox 1056 1171 1111 1240; x_wconf 91' lang='grc' dir='ltr'><em>διά</em></span> <span class='ocrx_word' id='word_1_57' title='bbox 1140 1178 1264 1262; x_wconf 88' lang='grc' dir='ltr'><em>μυρίων</em></span> 
     </span>
     <span class='ocr_line' id='line_1_9' title="bbox 210 1282 1265 1374; baseline -0.001 -21"><span class='ocrx_word' id='word_1_58' title='bbox 210 1284 345 1372; x_wconf 84' lang='grc' dir='ltr'><em>ἀγώνων</em></span> <span class='ocrx_word' id='word_1_59' title='bbox 373 1282 631 1374; x_wconf 77' lang='grc' dir='ltr'><em>κατορθούμενα</em></span> <span class='ocrx_word' id='word_1_60' title='bbox 659 1282 727 1355; x_wconf 82' lang='grc' dir='ltr'><em>ἀπὸ</em></span> <span class='ocrx_word' id='word_1_61' title='bbox 755 1290 821 1352; x_wconf 88' lang='grc' dir='ltr'><em>τῶν</em></span> <span class='ocrx_word' id='word_1_62' title='bbox 849 1286 883 1367; x_wconf 84' lang='grc' dir='ltr'><em>ἑξ</em></span> <span class='ocrx_word' id='word_1_63' title='bbox 912 1289 1091 1373; x_wconf 77' lang='grc' dir='ltr'><em>ἐπιδρομῆς</em></span> <span class='ocrx_word' id='word_1_64' title='bbox 1118 1284 1265 1370; x_wconf 80' lang='grc' dir='ltr'><em>ἀμαθῶς</em></span> 
     </span>
     <span class='ocr_line' id='line_1_10' title="bbox 209 1393 1298 1489; baseline 0.001 -25"><span class='ocrx_word' id='word_1_65' title='bbox 209 1395 440 1478; x_wconf 80' lang='grc' dir='ltr'><em>ἑπιπηδιίντων</em></span> <span class='ocrx_word' id='word_1_66' title='bbox 463 1399 502 1489; x_wconf 76' lang='grc' dir='ltr'><em>τῇ</em></span> <span class='ocrx_word' id='word_1_67' title='bbox 525 1400 699 1482; x_wconf 81' lang='grc' dir='ltr'><em>θεαγωγίηι</em></span> <span class='ocrx_word' id='word_1_68' title='bbox 718 1399 956 1489; x_wconf 81' lang='grc' dir='ltr'><em>χαρακτηρίζη·</em></span> <span class='ocrx_word' id='word_1_69' title='bbox 978 1401 1078 1464; x_wconf 82' lang='grc' dir='ltr'><em>πλέον</em></span> <span class='ocrx_word' id='word_1_70' title='bbox 1101 1399 1135 1465; x_wconf 82' lang='grc' dir='ltr'><em>δὲ</em></span> <span class='ocrx_word' id='word_1_71' title='bbox 1159 1393 1298 1465; x_wconf 79' lang='grc' dir='ltr'><em>θάνε-9</em></span> 
     </span>
     <span class='ocr_line' id='line_1_11' title="bbox 209 1504 1264 1600; baseline -0.001 -24"><span class='ocrx_word' id='word_1_72' title='bbox 209 1534 268 1593; x_wconf 85' lang='grc' dir='ltr'><em>ρον</em></span> <span class='ocrx_word' id='word_1_73' title='bbox 291 1508 483 1600; x_wconf 71' lang='grc' dir='ltr'><em>ἀποφαῖνον</em></span> <span class='ocrx_word' id='word_1_74' title='bbox 504 1511 579 1596; x_wconf 89' lang='grc' dir='ltr'><em>περὶ</em></span> <span class='ocrx_word' id='word_1_75' title='bbox 594 1506 711 1575; x_wconf 84' lang='grc' dir='ltr'><em>αὐτῶν.</em></span> <span class='ocrx_word' id='word_1_76' title='bbox 757 1515 784 1575; x_wconf 81' lang='grc' dir='ltr'><em>ελ</em></span> <span class='ocrx_word' id='word_1_77' title='bbox 798 1506 863 1596; x_wconf 89' lang='grc' dir='ltr'><em>γάρ</em></span> <span class='ocrx_word' id='word_1_78' title='bbox 880 1504 923 1574; x_wconf 90' lang='grc' dir='ltr'><em>τά</em></span> <span class='ocrx_word' id='word_1_79' title='bbox 937 1507 1168 1576; x_wconf 89' lang='grc' dir='ltr'><em>ἀποπίπτοντα</em></span> <span class='ocrx_word' id='word_1_80' title='bbox 1184 1510 1264 1593; x_wconf 84' lang='grc' dir='ltr'><em>ἑργα</em></span> 
     </span>
     <span class='ocr_line' id='line_1_12' title="bbox 210 1615 1264 1710; baseline -0.001 -25"><span class='ocrx_word' id='word_1_81' title='bbox 210 1624 268 1702; x_wconf 83' lang='grc' dir='ltr'><em>τῆς</em></span> <span class='ocrx_word' id='word_1_82' title='bbox 290 1619 502 1710; x_wconf 81' lang='grc' dir='ltr'><em>αὐτοφανοῶς</em></span> <span class='ocrx_word' id='word_1_83' title='bbox 525 1619 652 1699; x_wconf 78' lang='grc' dir='ltr'><em>δείξεως</em></span> <span class='ocrx_word' id='word_1_84' title='bbox 673 1616 814 1687; x_wconf 78' lang='grc' dir='ltr'><em>τοιαῦτά</em></span> <span class='ocrx_word' id='word_1_85' title='bbox 829 1625 918 1685; x_wconf 88' lang='grc' dir='ltr'><em>ἑστιν</em></span> <span class='ocrx_word' id='word_1_86' title='bbox 933 1615 988 1689; x_wconf 86' lang='grc' dir='ltr'><em>οἷα</em></span> <span class='ocrx_word' id='word_1_87' title='bbox 1004 1615 1046 1689; x_wconf 82' lang='grc' dir='ltr'><em>σὺ</em></span> <span class='ocrx_word' id='word_1_88' title='bbox 1060 1623 1162 1703; x_wconf 81' lang='grc' dir='ltr'><em>λέγεις</em></span> <span class='ocrx_word' id='word_1_89' title='bbox 1179 1618 1264 1685; x_wconf 84' lang='grc' dir='ltr'><em>ἀλα-</em></span> 
     </span>
     <span class='ocr_line' id='line_1_13' title="bbox 208 1724 1315 1822; baseline -0.002 -26"><span class='ocrx_word' id='word_1_90' title='bbox 208 1728 320 1812; x_wconf 87' lang='grc' dir='ltr'><em>ζονικά</em></span> <span class='ocrx_word' id='word_1_91' title='bbox 342 1735 398 1799; x_wconf 91' lang='grc' dir='ltr'><em>καὶ</em></span> <span class='ocrx_word' id='word_1_92' title='bbox 421 1732 542 1822; x_wconf 82' lang='grc' dir='ltr'><em>ψευδῆ,</em></span> <span class='ocrx_word' id='word_1_93' title='bbox 571 1727 612 1796; x_wconf 84' lang='grc' dir='ltr'><em>τά</em></span> <span class='ocrx_word' id='word_1_94' title='bbox 641 1732 706 1796; x_wconf 92' lang='grc' dir='ltr'><em>τῶν</em></span> <span class='ocrx_word' id='word_1_95' title='bbox 735 1728 910 1810; x_wconf 90' lang='grc' dir='ltr'><em>ἀληθινῶν</em></span> <span class='ocrx_word' id='word_1_96' title='bbox 939 1729 1099 1810; x_wconf 85' lang='grc' dir='ltr'><em>ἀθλητῶν</em></span> <span class='ocrx_word' id='word_1_97' title='bbox 1127 1734 1201 1818; x_wconf 84' lang='grc' dir='ltr'><em>περὶ</em></span> <span class='ocrx_word' id='word_1_98' title='bbox 1224 1724 1263 1798; x_wconf 80' lang='grc' dir='ltr'><em>τὸ</em></span> <span class='ocrx_word' id='word_1_99' title='bbox 1282 1743 1315 1794; x_wconf 81' lang='lat'><em>12</em></span> 
     </span>
    </p>
   </div>
   <div class='ocr_carea' id='block_1_3' title="bbox 111 1839 1263 1931">
    <p class='ocr_par' dir='ltr' id='par_1_3' title="bbox 111 1839 1263 1931">
     <span class='ocr_line' id='line_1_14' title="bbox 111 1839 1263 1931; baseline -0.001 -23"><span class='ocrx_word' id='word_1_100' title='bbox 111 1884 118 1901; x_wconf 51' lang='grc' dir='ltr'><em>ι</em></span> <span class='ocrx_word' id='word_1_101' title='bbox 208 1844 273 1931; x_wconf 86' lang='grc' dir='ltr'><em>πῦρ</em></span> <span class='ocrx_word' id='word_1_102' title='bbox 295 1839 415 1926; x_wconf 83' lang='grc' dir='ltr'><em>γνήσιά</em></span> <span class='ocrx_word' id='word_1_103' title='bbox 438 1865 471 1908; x_wconf 89' lang='grc' dir='ltr'><em>τε</em></span> <span class='ocrx_word' id='word_1_104' title='bbox 494 1849 563 1909; x_wconf 83' lang='grc' dir='ltr'><em>ἑστι</em></span> <span class='ocrx_word' id='word_1_105' title='bbox 590 1844 647 1908; x_wconf 87' lang='grc' dir='ltr'><em>καὶ</em></span> <span class='ocrx_word' id='word_1_106' title='bbox 675 1839 835 1920; x_wconf 89' lang='grc' dir='ltr'><em>ἀληθινά.</em></span> <span class='ocrx_word' id='word_1_107' title='bbox 886 1839 995 1930; x_wconf 82' lang='grc' dir='ltr'><em>ῶσπερ</em></span> <span class='ocrx_word' id='word_1_108' title='bbox 1023 1839 1087 1929; x_wconf 90' lang='grc' dir='ltr'><em>γάρ</em></span> <span class='ocrx_word' id='word_1_109' title='bbox 1117 1846 1169 1908; x_wconf 83' lang='grc' dir='ltr'><em>ἑπὶ</em></span> <span class='ocrx_word' id='word_1_110' title='bbox 1197 1843 1263 1910; x_wconf 88' lang='grc' dir='ltr'><em>τῶν</em></span> 
     </span>
    </p>
   </div>
   <div class='ocr_carea' id='block_1_4' title="bbox 175 1949 1315 2487">
    <p class='ocr_par' dir='ltr' id='par_1_4' title="bbox 175 1949 1315 2487">
     <span class='ocr_line' id='line_1_15' title="bbox 209 1949 1263 2045; baseline 0 -27"><span class='ocrx_word' id='word_1_111' title='bbox 209 1949 317 2019; x_wconf 86' lang='grc' dir='ltr'><em>ἀλλων</em></span> <span class='ocrx_word' id='word_1_112' title='bbox 339 1951 495 2020; x_wconf 90' lang='grc' dir='ltr'><em>ἀπάντων</em></span> <span class='ocrx_word' id='word_1_113' title='bbox 518 1949 560 2018; x_wconf 85' lang='grc' dir='ltr'><em>τά</em></span> <span class='ocrx_word' id='word_1_114' title='bbox 582 1950 701 2040; x_wconf 83' lang='grc' dir='ltr'><em>ἀρχικά</em></span> <span class='ocrx_word' id='word_1_115' title='bbox 730 1951 865 2038; x_wconf 80' lang='grc' dir='ltr'><em>πρώτως</em></span> <span class='ocrx_word' id='word_1_116' title='bbox 887 1951 949 2045; x_wconf 82' lang='grc' dir='ltr'><em>ἀφ’</em></span> <span class='ocrx_word' id='word_1_117' title='bbox 968 1957 1093 2022; x_wconf 79' lang='grc' dir='ltr'><em>ἑαυτῶν</em></span> <span class='ocrx_word' id='word_1_118' title='bbox 1119 1949 1263 2039; x_wconf 80' lang='grc' dir='ltr'><em>ἄρχεται,</em></span> 
     </span>
     <span class='ocr_line' id='line_1_16' title="bbox 207 2060 1315 2151; baseline 0.005 -21"><span class='ocrx_word' id='word_1_119' title='bbox 207 2068 263 2131; x_wconf 85' lang='grc' dir='ltr'><em>καὶ</em></span> <span class='ocrx_word' id='word_1_120' title='bbox 284 2070 414 2141; x_wconf 78' lang='grc' dir='ltr'><em>ἑαυτοῖς</em></span> <span class='ocrx_word' id='word_1_121' title='bbox 435 2068 567 2151; x_wconf 79' lang='grc' dir='ltr'><em>παρέχει</em></span> <span class='ocrx_word' id='word_1_122' title='bbox 590 2060 670 2151; x_wconf 88' lang='grc' dir='ltr'><em>ὅπερ</em></span> <span class='ocrx_word' id='word_1_123' title='bbox 693 2076 763 2142; x_wconf 81' lang='grc' dir='ltr'><em>τοῖς</em></span> <span class='ocrx_word' id='word_1_124' title='bbox 785 2062 900 2142; x_wconf 77' lang='grc' dir='ltr'><em>ἀλλοις</em></span> <span class='ocrx_word' id='word_1_125' title='bbox 922 2067 1105 2144; x_wconf 88' lang='grc' dir='ltr'><em>ἑνδίδωσιν,</em></span> <span class='ocrx_word' id='word_1_126' title='bbox 1132 2061 1204 2130; x_wconf 82' lang='grc' dir='ltr'><em>οἷον</em></span> <span class='ocrx_word' id='word_1_127' title='bbox 1227 2069 1263 2131; x_wconf 92' lang='grc' dir='ltr'><em>ἑν</em></span> <span class='ocrx_word' id='word_1_128' title='bbox 1283 2083 1315 2135; x_wconf 82' lang='grc'><em>15</em></span> 
     </span>
     <span class='ocr_line' id='line_1_17' title="bbox 175 2169 1263 2264; baseline -0.001 -23"><span class='ocrx_word' id='word_1_129' title='bbox 175 2174 178 2179; x_wconf 47' lang='lat'><strong>⁴</strong></span> <span class='ocrx_word' id='word_1_130' title='bbox 208 2174 307 2260; x_wconf 83' lang='grc' dir='ltr'><em>οάσίηι</em></span> <span class='ocrx_word' id='word_1_131' title='bbox 329 2181 364 2244; x_wconf 80' lang='grc' dir='ltr'><em>ἑν</em></span> <span class='ocrx_word' id='word_1_132' title='bbox 386 2176 450 2264; x_wconf 77' lang='grc' dir='ltr'><em>ζωῇ</em></span> <span class='ocrx_word' id='word_1_133' title='bbox 473 2182 508 2240; x_wconf 88' lang='grc' dir='ltr'><em>ἑν</em></span> <span class='ocrx_word' id='word_1_134' title='bbox 529 2171 662 2255; x_wconf 80' lang='grc' dir='ltr'><em>κινήσει,</em></span> <span class='ocrx_word' id='word_1_135' title='bbox 685 2171 769 2244; x_wconf 82' lang='grc' dir='ltr'><em>οὕτω</em></span> <span class='ocrx_word' id='word_1_136' title='bbox 792 2179 848 2241; x_wconf 84' lang='grc' dir='ltr'><em>καὶ</em></span> <span class='ocrx_word' id='word_1_137' title='bbox 871 2169 912 2241; x_wconf 89' lang='grc' dir='ltr'><em>τά</em></span> <span class='ocrx_word' id='word_1_138' title='bbox 935 2171 996 2256; x_wconf 75' lang='grc' dir='ltr'><em>τὴν</em></span> <span class='ocrx_word' id='word_1_139' title='bbox 1018 2171 1186 2255; x_wconf 72' lang='grc' dir='ltr'><em>ἀλάθειαν</em></span> <span class='ocrx_word' id='word_1_140' title='bbox 1206 2199 1263 2261; x_wconf 88' lang='grc' dir='ltr'><em>χο-</em></span> 
     </span>
     <span class='ocr_line' id='line_1_18' title="bbox 207 2278 1263 2375; baseline 0 -23"><span class='ocrx_word' id='word_1_141' title='bbox 207 2288 373 2374; x_wconf 80' lang='grc' dir='ltr'><em>ρηγοῦντα</em></span> <span class='ocrx_word' id='word_1_142' title='bbox 394 2290 478 2354; x_wconf 81' lang='grc' dir='ltr'><em>πᾶσι</em></span> <span class='ocrx_word' id='word_1_143' title='bbox 499 2298 570 2364; x_wconf 86' lang='grc' dir='ltr'><em>τοῖς</em></span> <span class='ocrx_word' id='word_1_144' title='bbox 592 2278 666 2356; x_wconf 82' lang='grc' dir='ltr'><em>οὖσι</em></span> <span class='ocrx_word' id='word_1_145' title='bbox 687 2292 762 2375; x_wconf 83' lang='grc' dir='ltr'><em>περὶ</em></span> <span class='ocrx_word' id='word_1_146' title='bbox 784 2289 910 2354; x_wconf 79' lang='grc' dir='ltr'><em>ἑαυτῶν</em></span> <span class='ocrx_word' id='word_1_147' title='bbox 931 2284 1065 2372; x_wconf 82' lang='grc' dir='ltr'><em>πρώτως</em></span> <span class='ocrx_word' id='word_1_148' title='bbox 1094 2282 1263 2366; x_wconf 77' lang='grc' dir='ltr'><em>ἀληθεύει,</em></span> 
     </span>
     <span class='ocr_line' id='line_1_19' title="bbox 206 2391 1315 2487; baseline -0.002 -25"><span class='ocrx_word' id='word_1_149' title='bbox 206 2402 261 2464; x_wconf 84' lang='grc' dir='ltr'><em>καὶ</em></span> <span class='ocrx_word' id='word_1_150' title='bbox 286 2391 345 2478; x_wconf 78' lang='grc' dir='ltr'><em>τήν</em></span> <span class='ocrx_word' id='word_1_151' title='bbox 367 2403 492 2464; x_wconf 89' lang='grc' dir='ltr'><em>ἑαυτῶν</em></span> <span class='ocrx_word' id='word_1_152' title='bbox 515 2397 632 2466; x_wconf 88' lang='grc' dir='ltr'><em>οὐσίαν</em></span> <span class='ocrx_word' id='word_1_153' title='bbox 654 2404 906 2485; x_wconf 78' lang='grc' dir='ltr'><em>προηγουμένως</em></span> <span class='ocrx_word' id='word_1_154' title='bbox 921 2396 1101 2487; x_wconf 79' lang='grc' dir='ltr'><em>ἀναφαίνει</em></span> <span class='ocrx_word' id='word_1_155' title='bbox 1114 2409 1185 2474; x_wconf 84' lang='grc' dir='ltr'><em>τοῖς</em></span> <span class='ocrx_word' id='word_1_156' title='bbox 1201 2400 1262 2463; x_wconf 87' lang='grc' dir='ltr'><em>θε-</em></span> <span class='ocrx_word' id='word_1_157' title='bbox 1281 2410 1315 2461; x_wconf 84' lang='grc'><em>18</em></span> 
     </span>
    </p>
   </div>
   <div class='ocr_carea' id='block_1_5' title="bbox 277 2580 1262 2911">
    <p class='ocr_par' dir='ltr' id='par_1_5' title="bbox 277 2580 1262 2911">
     <span class='ocr_line' id='line_1_20' title="bbox 279 2580 1261 2651; baseline 0 -17"><span class='ocrx_word' id='word_1_158' title='bbox 279 2585 300 2634; x_wconf 88' lang='grc'><em>1.</em></span> <span class='ocrx_word' id='word_1_159' title='bbox 320 2580 510 2649; x_wconf 79' lang='grc' dir='ltr'><em>διελὲγγονται]</em></span> <span class='ocrx_word' id='word_1_160' title='bbox 522 2582 558 2633; x_wconf 84' lang='lat' dir='ltr'><em>sio</em></span> <span class='ocrx_word' id='word_1_161' title='bbox 567 2586 599 2644; x_wconf 81' lang='lat' dir='ltr'><em>A,</em></span> <span class='ocrx_word' id='word_1_162' title='bbox 618 2585 738 2651; x_wconf 69' lang='grc' dir='ltr'><em>διελέγχει</em></span> <span class='ocrx_word' id='word_1_163' title='bbox 750 2583 782 2646; x_wconf 87' lang='grc' dir='ltr'><em>Β,</em></span> <span class='ocrx_word' id='word_1_164' title='bbox 797 2585 955 2650; x_wconf 83' lang='grc' dir='ltr'><em>διιλίγχεται</em></span> <span class='ocrx_word' id='word_1_165' title='bbox 968 2581 1023 2642; x_wconf 81' lang='lat' dir='ltr'><strong>et),</strong></span> <span class='ocrx_word' id='word_1_166' title='bbox 1036 2583 1218 2648; x_wconf 81' lang='grc' dir='ltr'><em>διαλὲγχονται</em></span> <span class='ocrx_word' id='word_1_167' title='bbox 1228 2584 1261 2634; x_wconf 89' lang='grc'><em>0.</em></span> 
     </span>
     <span class='ocr_line' id='line_1_21' title="bbox 287 2661 1262 2738; baseline 0.001 -19"><span class='ocrx_word' id='word_1_168' title='bbox 287 2661 301 2735; x_wconf 89' lang='grc' dir='ltr'><em>ΙΙ</em></span> <span class='ocrx_word' id='word_1_169' title='bbox 313 2663 565 2738; x_wconf 81' lang='grc' dir='ltr'><em>ἀποδοκιμάζουσιν]</em></span> <span class='ocrx_word' id='word_1_170' title='bbox 584 2668 619 2719; x_wconf 84' lang='lat' dir='ltr'><em>sic</em></span> <span class='ocrx_word' id='word_1_171' title='bbox 636 2688 722 2734; x_wconf 76' lang='lat' dir='ltr'><strong>mergo</strong></span> <span class='ocrx_word' id='word_1_172' title='bbox 740 2668 799 2719; x_wconf 81' lang='lat' dir='ltr'><strong>Bet</strong></span> <span class='ocrx_word' id='word_1_173' title='bbox 811 2669 844 2730; x_wconf 88' lang='grc'><em>0,</em></span> <span class='ocrx_word' id='word_1_174' title='bbox 863 2664 1070 2737; x_wconf 79' lang='grc' dir='ltr'><em>ἀποδοκιμάζειν</em></span> <span class='ocrx_word' id='word_1_175' title='bbox 1089 2667 1169 2730; x_wconf 77' lang='lat' dir='ltr'><strong>Act),</strong></span> <span class='ocrx_word' id='word_1_176' title='bbox 1191 2664 1262 2720; x_wconf 83' lang='grc' dir='ltr'><em>ἀπο-</em></span> 
     </span>
     <span class='ocr_line' id='line_1_22' title="bbox 277 2748 1261 2823; baseline 0.002 -19"><span class='ocrx_word' id='word_1_177' title='bbox 277 2751 410 2821; x_wconf 78' lang='grc' dir='ltr'><em>δοκιμάζει</em></span> <span class='ocrx_word' id='word_1_178' title='bbox 429 2752 458 2805; x_wconf 88' lang='grc' dir='ltr'><em>Β.</em></span> <span class='ocrx_word' id='word_1_179' title='bbox 480 2748 493 2822; x_wconf 65' lang='lat' dir='ltr'>u</span> <span class='ocrx_word' id='word_1_180' title='bbox 514 2753 756 2823; x_wconf 77' lang='grc' dir='ltr'><em>πῐπλασμὲνηνῙείε</em></span> <span class='ocrx_word' id='word_1_181' title='bbox 769 2754 849 2820; x_wconf 84' lang='lat' dir='ltr'>ACD,</span> <span class='ocrx_word' id='word_1_182' title='bbox 868 2756 1063 2823; x_wconf 77' lang='grc' dir='ltr'><em>πεπλανημὲνην</em></span> <span class='ocrx_word' id='word_1_183' title='bbox 1082 2756 1116 2806; x_wconf 90' lang='lat'><em>0.</em></span> <span class='ocrx_word' id='word_1_184' title='bbox 1189 2756 1213 2806; x_wconf 85' lang='grc'><em>5.</em></span> <span class='ocrx_word' id='word_1_185' title='bbox 1241 2749 1261 2806; x_wconf 63' lang='grc' dir='ltr'><em>ὃ</em></span> 
     </span>
     <span class='ocr_line' id='line_1_23' title="bbox 277 2833 1260 2911; baseline 0.005 -23"><span class='ocrx_word' id='word_1_186' title='bbox 277 2838 390 2889; x_wconf 73' lang='lat' dir='ltr'><strong>additum</strong></span> <span class='ocrx_word' id='word_1_187' title='bbox 408 2858 437 2889; x_wconf 83' lang='lat' dir='ltr'><em>cx</em></span> <span class='ocrx_word' id='word_1_188' title='bbox 457 2842 487 2890; x_wconf 77' lang='lat' dir='ltr'><em>A.</em></span> <span class='ocrx_word' id='word_1_189' title='bbox 559 2842 583 2892; x_wconf 76' lang='grc'><em>9.</em></span> <span class='ocrx_word' id='word_1_190' title='bbox 610 2840 786 2906; x_wconf 82' lang='grc' dir='ltr'><em>ἑπιπηδόντιικ</em></span> <span class='ocrx_word' id='word_1_191' title='bbox 805 2841 838 2892; x_wconf 85' lang='grc' dir='ltr'><em>Ο.</em></span> <span class='ocrx_word' id='word_1_192' title='bbox 852 2834 863 2907; x_wconf 79' lang='grc' dir='ltr'><em>ΙΙ</em></span> <span class='ocrx_word' id='word_1_193' title='bbox 873 2839 1047 2911; x_wconf 72' lang='grc' dir='ltr'><em>χαρακτήριζε</em></span> <span class='ocrx_word' id='word_1_194' title='bbox 1060 2839 1088 2890; x_wconf 88' lang='lat' dir='ltr'><em>C.</em></span> <span class='ocrx_word' id='word_1_195' title='bbox 1101 2833 1114 2908; x_wconf 91' lang='grc' dir='ltr'><em>ΙΙ</em></span> <span class='ocrx_word' id='word_1_196' title='bbox 1126 2842 1216 2893; x_wconf 80' lang='grc' dir='ltr'><em>πλεῖον</em></span> <span class='ocrx_word' id='word_1_197' title='bbox 1229 2842 1260 2893; x_wconf 83' lang='grc' dir='ltr'><em>Α.</em></span> 
     </span>
    </p>
   </div>
   <div class='ocr_carea' id='block_1_6' title="bbox 207 3012 1354 4214">
    <p class='ocr_par' dir='ltr' id='par_1_6' title="bbox 208 3012 1263 3436">
     <span class='ocr_line' id='line_1_24' title="bbox 209 3012 1261 3093; baseline -0.001 -22"><span class='ocrx_word' id='word_1_198' title='bbox 209 3015 367 3088; x_wconf 82' lang='lat' dir='ltr'>redarguere</span> <span class='ocrx_word' id='word_1_199' title='bbox 385 3023 412 3067; x_wconf 90' lang='lat' dir='ltr'><strong>et</strong></span> <span class='ocrx_word' id='word_1_200' title='bbox 430 3012 545 3070; x_wconf 77' lang='lat' dir='ltr'><strong>refutare</strong></span> <span class='ocrx_word' id='word_1_201' title='bbox 562 3033 655 3071; x_wconf 89' lang='lat' dir='ltr'><strong>eornm</strong></span> <span class='ocrx_word' id='word_1_202' title='bbox 672 3015 765 3071; x_wconf 84' lang='lat' dir='ltr'><strong>fictum</strong></span> <span class='ocrx_word' id='word_1_203' title='bbox 783 3027 958 3093; x_wconf 80' lang='lat' dir='ltr'><strong>praetextum,</strong></span> <span class='ocrx_word' id='word_1_204' title='bbox 982 3025 1013 3071; x_wconf 91' lang='lat' dir='ltr'><strong>ut</strong></span> <span class='ocrx_word' id='word_1_205' title='bbox 1030 3017 1102 3070; x_wconf 86' lang='lat' dir='ltr'><strong>veris</strong></span> <span class='ocrx_word' id='word_1_206' title='bbox 1121 3013 1261 3091; x_wconf 89' lang='lat' dir='ltr'><strong>spiritibus</strong></span> 
     </span>
     <span class='ocr_line' id='line_1_25' title="bbox 209 3100 1263 3179; baseline 0 -23"><span class='ocrx_word' id='word_1_207' title='bbox 209 3111 236 3157; x_wconf 87' lang='lat' dir='ltr'><strong>et</strong></span> <span class='ocrx_word' id='word_1_208' title='bbox 253 3100 333 3156; x_wconf 92' lang='lat' dir='ltr'><strong>bouis</strong></span> <span class='ocrx_word' id='word_1_209' title='bbox 352 3101 459 3155; x_wconf 86' lang='lat' dir='ltr'><strong>minime</strong></span> <span class='ocrx_word' id='word_1_210' title='bbox 478 3103 623 3178; x_wconf 86' lang='lat' dir='ltr'><strong>proprioru.</strong></span> <span class='ocrx_word' id='word_1_211' title='bbox 669 3100 719 3156; x_wconf 90' lang='lat' dir='ltr'><em>sed</em></span> <span class='ocrx_word' id='word_1_212' title='bbox 737 3120 786 3156; x_wconf 90' lang='lat' dir='ltr'><em>nec</em></span> <span class='ocrx_word' id='word_1_213' title='bbox 804 3113 911 3179; x_wconf 81' lang='lat' dir='ltr'><strong>oportet</strong></span> <span class='ocrx_word' id='word_1_214' title='bbox 928 3112 1037 3179; x_wconf 79' lang='lat' dir='ltr'><strong>peccatu</strong></span> <span class='ocrx_word' id='word_1_215' title='bbox 1060 3100 1125 3156; x_wconf 79' lang='lat' dir='ltr'><strong>baec</strong></span> <span class='ocrx_word' id='word_1_216' title='bbox 1148 3102 1172 3155; x_wconf 91' lang='lat' dir='ltr'><em>si</em></span> <span class='ocrx_word' id='word_1_217' title='bbox 1194 3120 1263 3175; x_wconf 79' lang='lat' dir='ltr'><strong>qnae</strong></span> 
     </span>
     <span class='ocr_line' id='line_1_26' title="bbox 208 3186 1261 3263; baseline -0.003 -19"><span class='ocrx_word' id='word_1_218' title='bbox 208 3189 318 3244; x_wconf 89' lang='lat' dir='ltr'><strong>suntin</strong></span> <span class='ocrx_word' id='word_1_219' title='bbox 335 3186 452 3241; x_wconf 89' lang='lat' dir='ltr'><strong>medinm</strong></span> <span class='ocrx_word' id='word_1_220' title='bbox 470 3187 574 3255; x_wconf 80' lang='lat' dir='ltr'><strong>efferre,</strong></span> <span class='ocrx_word' id='word_1_221' title='bbox 592 3188 638 3243; x_wconf 90' lang='lat' dir='ltr'><em>ubi</em></span> <span class='ocrx_word' id='word_1_222' title='bbox 656 3187 784 3244; x_wconf 89' lang='lat' dir='ltr'><strong>iudicium</strong></span> <span class='ocrx_word' id='word_1_223' title='bbox 802 3191 938 3263; x_wconf 82' lang='lat' dir='ltr'><strong>quaeritur</strong></span> <span class='ocrx_word' id='word_1_224' title='bbox 956 3188 991 3244; x_wconf 86' lang='lat' dir='ltr'><em>de</em></span> <span class='ocrx_word' id='word_1_225' title='bbox 1007 3207 1038 3244; x_wconf 87' lang='lat' dir='ltr'><em>re</em></span> <span class='ocrx_word' id='word_1_226' title='bbox 1056 3188 1149 3263; x_wconf 81' lang='lat' dir='ltr'><strong>quevis</strong></span> <span class='ocrx_word' id='word_1_227' title='bbox 1161 3206 1261 3242; x_wconf 85' lang='lat' dir='ltr'><strong>verum.</strong></span> 
     </span>
     <span class='ocr_line' id='line_1_27' title="bbox 208 3272 1262 3351; baseline -0.002 -23"><span class='ocrx_word' id='word_1_228' title='bbox 208 3293 269 3329; x_wconf 80' lang='lat' dir='ltr'><em>nem</em></span> <span class='ocrx_word' id='word_1_229' title='bbox 287 3275 383 3329; x_wconf 83' lang='lat' dir='ltr'><strong>ortium</strong></span> <span class='ocrx_word' id='word_1_230' title='bbox 402 3272 656 3349; x_wconf 79' lang='lat' dir='ltr'><strong>disciplinarumque</strong></span> <span class='ocrx_word' id='word_1_231' title='bbox 674 3293 755 3351; x_wconf 81' lang='lat' dir='ltr'><strong>opera</strong></span> <span class='ocrx_word' id='word_1_232' title='bbox 774 3294 828 3330; x_wconf 91' lang='lat' dir='ltr'><em>nou</em></span> <span class='ocrx_word' id='word_1_233' title='bbox 846 3273 964 3330; x_wconf 84' lang='lat' dir='ltr'><strong>solemus</strong></span> <span class='ocrx_word' id='word_1_234' title='bbox 981 3273 1129 3331; x_wconf 79' lang='lat' dir='ltr'><strong>diiudicare</strong></span> <span class='ocrx_word' id='word_1_235' title='bbox 1147 3292 1181 3329; x_wconf 87' lang='lat' dir='ltr'><em>cx</em></span> <span class='ocrx_word' id='word_1_236' title='bbox 1193 3293 1262 3328; x_wconf 83' lang='lat' dir='ltr'><strong>erru-</strong></span> 
     </span>
     <span class='ocr_line' id='line_1_28' title="bbox 208 3359 689 3436; baseline 0.002 -22"><span class='ocrx_word' id='word_1_237' title='bbox 208 3362 244 3415; x_wconf 84' lang='lat' dir='ltr'><strong>tis</strong></span> <span class='ocrx_word' id='word_1_238' title='bbox 262 3362 376 3435; x_wconf 82' lang='lat' dir='ltr'><strong>quaein</strong></span> <span class='ocrx_word' id='word_1_239' title='bbox 394 3361 428 3415; x_wconf 93' lang='lat' dir='ltr'><em>iis</em></span> <span class='ocrx_word' id='word_1_240' title='bbox 447 3359 689 3436; x_wconf 86' lang='lat' dir='ltr'><strong>deprehenduntnr.</strong></span> 
     </span>
    </p>

    <p class='ocr_par' dir='ltr' id='par_1_7' title="bbox 207 3444 1354 4214">
     <span class='ocr_line' id='line_1_29' title="bbox 278 3444 1262 3522; baseline 0 -22"><span class='ocrx_word' id='word_1_241' title='bbox 278 3445 369 3519; x_wconf 78' lang='lat' dir='ltr'><strong>Quare</strong></span> <span class='ocrx_word' id='word_1_242' title='bbox 387 3465 436 3502; x_wconf 88' lang='lat' dir='ltr'><em>uec</em></span> <span class='ocrx_word' id='word_1_243' title='bbox 454 3455 484 3501; x_wconf 93' lang='lat' dir='ltr'><strong>tn</strong></span> <span class='ocrx_word' id='word_1_244' title='bbox 501 3445 685 3522; x_wconf 77' lang='lat' dir='ltr'><strong>theogogicam</strong></span> <span class='ocrx_word' id='word_1_245' title='bbox 701 3445 770 3502; x_wconf 81' lang='lat' dir='ltr'><strong>bunc</strong></span> <span class='ocrx_word' id='word_1_246' title='bbox 782 3455 865 3502; x_wconf 82' lang='lat' dir='ltr'><strong>artem</strong></span> <span class='ocrx_word' id='word_1_247' title='bbox 877 3446 992 3513; x_wconf 80' lang='lat' dir='ltr'><strong>notabis,</strong></span> <span class='ocrx_word' id='word_1_248' title='bbox 1010 3465 1078 3522; x_wconf 77' lang='lat' dir='ltr'><strong>quae</strong></span> <span class='ocrx_word' id='word_1_249' title='bbox 1090 3444 1202 3501; x_wconf 86' lang='lat' dir='ltr'><strong>infinitis</strong></span> <span class='ocrx_word' id='word_1_250' title='bbox 1215 3445 1262 3501; x_wconf 92' lang='lat' dir='ltr'><em>ob·</em></span> 
     </span>
     <span class='ocr_line' id='line_1_30' title="bbox 208 3531 1261 3610; baseline 0.002 -26"><span class='ocrx_word' id='word_1_251' title='bbox 208 3533 404 3588; x_wconf 83' lang='lat' dir='ltr'><strong>servatiouibus</strong></span> <span class='ocrx_word' id='word_1_252' title='bbox 422 3534 468 3588; x_wconf 85' lang='lat' dir='ltr'><em>vix</em></span> <span class='ocrx_word' id='word_1_253' title='bbox 486 3531 592 3588; x_wconf 76' lang='lat' dir='ltr'><strong>taudem</strong></span> <span class='ocrx_word' id='word_1_254' title='bbox 610 3532 807 3609; x_wconf 72' lang='lat' dir='ltr'><strong>perficiebatur,</strong></span> <span class='ocrx_word' id='word_1_255' title='bbox 829 3535 973 3609; x_wconf 72' lang='lat' dir='ltr'><strong>espancis</strong></span> <span class='ocrx_word' id='word_1_256' title='bbox 991 3535 1020 3588; x_wconf 90' lang='lat' dir='ltr'><em>in</em></span> <span class='ocrx_word' id='word_1_257' title='bbox 1038 3553 1096 3588; x_wconf 81' lang='lat' dir='ltr'><em>eam</em></span> <span class='ocrx_word' id='word_1_258' title='bbox 1113 3551 1163 3610; x_wconf 92' lang='lat' dir='ltr'><em>per</em></span> <span class='ocrx_word' id='word_1_259' title='bbox 1180 3533 1261 3587; x_wconf 91' lang='lat' dir='ltr'><strong>insci-</strong></span> 
     </span>
     <span class='ocr_line' id='line_1_31' title="bbox 207 3617 1261 3695; baseline 0.005 -25"><span class='ocrx_word' id='word_1_260' title='bbox 207 3617 270 3671; x_wconf 69' lang='lat' dir='ltr'><strong>tiam</strong></span> <span class='ocrx_word' id='word_1_261' title='bbox 287 3617 466 3674; x_wconf 74' lang='lat' dir='ltr'><strong>incidentibus</strong></span> <span class='ocrx_word' id='word_1_262' title='bbox 485 3619 588 3674; x_wconf 81' lang='lat' dir='ltr'><strong>erretis.</strong></span> <span class='ocrx_word' id='word_1_263' title='bbox 632 3621 724 3695; x_wconf 88' lang='lat' dir='ltr'><strong>potins</strong></span> <span class='ocrx_word' id='word_1_264' title='bbox 741 3617 815 3674; x_wconf 79' lang='lat' dir='ltr'><strong>aliud</strong></span> <span class='ocrx_word' id='word_1_265' title='bbox 832 3618 897 3693; x_wconf 89' lang='lat' dir='ltr'><strong>quid</strong></span> <span class='ocrx_word' id='word_1_266' title='bbox 915 3619 949 3675; x_wconf 87' lang='lat' dir='ltr'><em>de</em></span> <span class='ocrx_word' id='word_1_267' title='bbox 960 3620 1004 3675; x_wconf 87' lang='lat' dir='ltr'><em>bis</em></span> <span class='ocrx_word' id='word_1_268' title='bbox 1016 3618 1100 3675; x_wconf 80' lang='lat' dir='ltr'><strong>dicito</strong></span> <span class='ocrx_word' id='word_1_269' title='bbox 1152 3620 1261 3675; x_wconf 85' lang='lat' dir='ltr'><strong>sienim</strong></span> 
     </span>
     <span class='ocr_line' id='line_1_32' title="bbox 208 3703 1261 3783; baseline 0.002 -27"><span class='ocrx_word' id='word_1_270' title='bbox 208 3720 277 3776; x_wconf 76' lang='lat' dir='ltr'><strong>quoe</strong></span> <span class='ocrx_word' id='word_1_271' title='bbox 293 3724 308 3758; x_wconf 80' lang='lat' dir='ltr'><strong>e</strong></span> <span class='ocrx_word' id='word_1_272' title='bbox 326 3704 467 3781; x_wconf 85' lang='lat' dir='ltr'><strong>spiritibus</strong></span> <span class='ocrx_word' id='word_1_273' title='bbox 485 3703 675 3782; x_wconf 77' lang='lat' dir='ltr'><strong>apparentibus</strong></span> <span class='ocrx_word' id='word_1_274' title='bbox 692 3706 854 3782; x_wconf 83' lang='lat' dir='ltr'><strong>proveniunt</strong></span> <span class='ocrx_word' id='word_1_275' title='bbox 876 3725 956 3783; x_wconf 80' lang='lat' dir='ltr'><strong>opere</strong></span> <span class='ocrx_word' id='word_1_276' title='bbox 980 3707 1130 3780; x_wconf 69' lang='lat' dir='ltr'><strong>arrogantia</strong></span> <span class='ocrx_word' id='word_1_277' title='bbox 1152 3712 1261 3760; x_wconf 89' lang='lat' dir='ltr'><strong>suntet</strong></span> 
     </span>
     <span class='ocr_line' id='line_1_33' title="bbox 208 3785 1354 3870; baseline 0.006 -29"><span class='ocrx_word' id='word_1_278' title='bbox 208 3785 343 3844; x_wconf 73' lang='lat' dir='ltr'><strong>meuduciu</strong></span> <span class='ocrx_word' id='word_1_279' title='bbox 360 3799 442 3866; x_wconf 88' lang='lat' dir='ltr'><strong>prout</strong></span> <span class='ocrx_word' id='word_1_280' title='bbox 460 3800 490 3846; x_wconf 89' lang='lat' dir='ltr'><strong>tu</strong></span> <span class='ocrx_word' id='word_1_281' title='bbox 507 3788 662 3857; x_wconf 73' lang='lat' dir='ltr'><strong>contendis,</strong></span> <span class='ocrx_word' id='word_1_282' title='bbox 684 3810 749 3846; x_wconf 77' lang='lat' dir='ltr'><strong>sune</strong></span> <span class='ocrx_word' id='word_1_283' title='bbox 770 3811 895 3848; x_wconf 82' lang='lat' dir='ltr'><strong>verorum</strong></span> <span class='ocrx_word' id='word_1_284' title='bbox 916 3793 1058 3870; x_wconf 78' lang='lat' dir='ltr'><strong>spirituum</strong></span> <span class='ocrx_word' id='word_1_285' title='bbox 1080 3794 1150 3847; x_wconf 74' lang='lat' dir='ltr'><strong>circo</strong></span> <span class='ocrx_word' id='word_1_286' title='bbox 1173 3793 1262 3866; x_wconf 81' lang='lat' dir='ltr'><strong>ignem</strong></span> <span class='ocrx_word' id='word_1_287' title='bbox 1351 3855 1354 3859; x_wconf 23' lang='lat'><strong>¹</strong></span> 
     </span>
     <span class='ocr_line' id='line_1_34' title="bbox 208 3875 1261 3955; baseline 0.007 -29"><span class='ocrx_word' id='word_1_288' title='bbox 208 3891 272 3927; x_wconf 77' lang='lat' dir='ltr'><strong>vera</strong></span> <span class='ocrx_word' id='word_1_289' title='bbox 290 3885 353 3930; x_wconf 83' lang='lat' dir='ltr'><strong>sunt</strong></span> <span class='ocrx_word' id='word_1_290' title='bbox 370 3895 451 3952; x_wconf 80' lang='lat' dir='ltr'><strong>opera</strong></span> <span class='ocrx_word' id='word_1_291' title='bbox 469 3886 498 3933; x_wconf 86' lang='lat' dir='ltr'><strong>et</strong></span> <span class='ocrx_word' id='word_1_292' title='bbox 514 3875 639 3953; x_wconf 79' lang='lat' dir='ltr'><strong>legitima.</strong></span> <span class='ocrx_word' id='word_1_293' title='bbox 684 3887 715 3933; x_wconf 91' lang='lat' dir='ltr'><strong>nt</strong></span> <span class='ocrx_word' id='word_1_294' title='bbox 731 3879 802 3933; x_wconf 87' lang='lat' dir='ltr'><strong>euim</strong></span> <span class='ocrx_word' id='word_1_295' title='bbox 820 3880 849 3933; x_wconf 90' lang='lat' dir='ltr'><em>iu</em></span> <span class='ocrx_word' id='word_1_296' title='bbox 867 3880 964 3934; x_wconf 81' lang='lat' dir='ltr'><strong>ceteris</strong></span> <span class='ocrx_word' id='word_1_297' title='bbox 982 3879 1106 3934; x_wconf 89' lang='lat' dir='ltr'><strong>omnibns</strong></span> <span class='ocrx_word' id='word_1_298' title='bbox 1127 3879 1261 3955; x_wconf 79' lang='lat' dir='ltr'><strong>principa·</strong></span> 
     </span>
     <span class='ocr_line' id='line_1_35' title="bbox 208 3957 1262 4042; baseline 0.005 -29"><span class='ocrx_word' id='word_1_299' title='bbox 208 3957 245 4014; x_wconf 72' lang='lat' dir='ltr'><strong>lt·</strong></span> <span class='ocrx_word' id='word_1_300' title='bbox 262 3961 376 4036; x_wconf 81' lang='lat' dir='ltr'><strong>primum</strong></span> <span class='ocrx_word' id='word_1_301' title='bbox 394 3963 422 4017; x_wconf 88' lang='lat' dir='ltr'><em>iu</em></span> <span class='ocrx_word' id='word_1_302' title='bbox 440 3982 470 4018; x_wconf 87' lang='lat' dir='ltr'><em>sc</em></span> <span class='ocrx_word' id='word_1_303' title='bbox 488 3964 558 4039; x_wconf 76' lang='lat' dir='ltr'><strong>ipsis</strong></span> <span class='ocrx_word' id='word_1_304' title='bbox 576 3962 758 4032; x_wconf 83' lang='lat' dir='ltr'><strong>exordiuntur,</strong></span> <span class='ocrx_word' id='word_1_305' title='bbox 781 3966 887 4040; x_wconf 84' lang='lat' dir='ltr'><strong>sibique</strong></span> <span class='ocrx_word' id='word_1_306' title='bbox 905 3967 962 4042; x_wconf 75' lang='lat' dir='ltr'><strong>ipsa</strong></span> <span class='ocrx_word' id='word_1_307' title='bbox 981 3965 1110 4042; x_wconf 70' lang='lat' dir='ltr'><strong>praebent</strong></span> <span class='ocrx_word' id='word_1_308' title='bbox 1128 3963 1201 4039; x_wconf 83' lang='lat' dir='ltr'><strong>quod</strong></span> <span class='ocrx_word' id='word_1_309' title='bbox 1219 3983 1262 4019; x_wconf 90' lang='lat' dir='ltr'><em>ce-</em></span> 
     </span>
     <span class='ocr_line' id='line_1_36' title="bbox 209 4044 1262 4127; baseline 0.005 -27"><span class='ocrx_word' id='word_1_310' title='bbox 209 4045 274 4100; x_wconf 82' lang='lat' dir='ltr'><strong>teris</strong></span> <span class='ocrx_word' id='word_1_311' title='bbox 293 4044 427 4116; x_wconf 81' lang='lat' dir='ltr'><strong>exhibent,</strong></span> <span class='ocrx_word' id='word_1_312' title='bbox 446 4048 527 4125; x_wconf 89' lang='lat' dir='ltr'><strong>idque</strong></span> <span class='ocrx_word' id='word_1_313' title='bbox 545 4049 577 4105; x_wconf 85' lang='lat' dir='ltr'><em>fit</em></span> <span class='ocrx_word' id='word_1_314' title='bbox 594 4051 622 4106; x_wconf 89' lang='lat' dir='ltr'><em>in</em></span> <span class='ocrx_word' id='word_1_315' title='bbox 640 4053 756 4107; x_wconf 79' lang='lat' dir='ltr'><strong>essentia</strong></span> <span class='ocrx_word' id='word_1_316' title='bbox 774 4053 802 4106; x_wconf 91' lang='lat' dir='ltr'><em>iu</em></span> <span class='ocrx_word' id='word_1_317' title='bbox 820 4053 921 4107; x_wconf 78' lang='lat' dir='ltr'><strong>vitain</strong></span> <span class='ocrx_word' id='word_1_318' title='bbox 940 4060 1022 4117; x_wconf 83' lang='lat' dir='ltr'><strong>motu,</strong></span> <span class='ocrx_word' id='word_1_319' title='bbox 1041 4052 1081 4106; x_wconf 84' lang='lat' dir='ltr'><em>sic</em></span> <span class='ocrx_word' id='word_1_320' title='bbox 1094 4070 1158 4106; x_wconf 82' lang='lat' dir='ltr'><strong>sanc</strong></span> <span class='ocrx_word' id='word_1_321' title='bbox 1170 4051 1262 4127; x_wconf 89' lang='lat' dir='ltr'><strong>superi</strong></span> 
     </span>
     <span class='ocr_line' id='line_1_37' title="bbox 208 4133 1263 4214; baseline 0.007 -29"><span class='ocrx_word' id='word_1_322' title='bbox 208 4133 348 4189; x_wconf 77' lang='lat' dir='ltr'><strong>veritatem</strong></span> <span class='ocrx_word' id='word_1_323' title='bbox 366 4136 489 4193; x_wconf 86' lang='lat' dir='ltr'><strong>omnibus</strong></span> <span class='ocrx_word' id='word_1_324' title='bbox 508 4139 578 4192; x_wconf 79' lang='lat' dir='ltr'><strong>circe</strong></span> <span class='ocrx_word' id='word_1_325' title='bbox 597 4155 627 4191; x_wconf 85' lang='lat' dir='ltr'><em>se</em></span> <span class='ocrx_word' id='word_1_326' title='bbox 649 4136 864 4214; x_wconf 71' lang='lat' dir='ltr'><strong>suppeditantes,</strong></span> <span class='ocrx_word' id='word_1_327' title='bbox 887 4139 976 4214; x_wconf 89' lang='lat' dir='ltr'><strong>primo</strong></span> <span class='ocrx_word' id='word_1_328' title='bbox 998 4135 1033 4192; x_wconf 87' lang='lat' dir='ltr'><em>de</em></span> <span class='ocrx_word' id='word_1_329' title='bbox 1056 4156 1087 4192; x_wconf 90' lang='lat' dir='ltr'><em>se</em></span> <span class='ocrx_word' id='word_1_330' title='bbox 1107 4139 1176 4214; x_wconf 90' lang='lat' dir='ltr'><strong>ipsis</strong></span> <span class='ocrx_word' id='word_1_331' title='bbox 1198 4156 1263 4192; x_wconf 76' lang='lat' dir='ltr'><strong>vcra</strong></span> 
     </span>
    </p>
   </div>
   <div class='ocr_carea' id='block_1_7' title="bbox 210 4218 1261 4301">
    <p class='ocr_par' dir='ltr' id='par_1_8' title="bbox 210 4218 1261 4301">
     <span class='ocr_line' id='line_1_38' title="bbox 210 4218 1261 4301; baseline 0.007 -25"><span class='ocrx_word' id='word_1_332' title='bbox 210 4218 373 4292; x_wconf 76' lang='lat' dir='ltr'><strong>pnedicuut,</strong></span> <span class='ocrx_word' id='word_1_333' title='bbox 391 4243 519 4299; x_wconf 74' lang='lat' dir='ltr'><strong>mumque</strong></span> <span class='ocrx_word' id='word_1_334' title='bbox 537 4223 681 4279; x_wconf 75' lang='lat' dir='ltr'><strong>essentium</strong></span> <span class='ocrx_word' id='word_1_335' title='bbox 698 4225 840 4301; x_wconf 73' lang='lat' dir='ltr'><strong>praecipuo</strong></span> <span class='ocrx_word' id='word_1_336' title='bbox 851 4221 1096 4299; x_wconf 68' lang='lat' dir='ltr'><strong>contemplantibus</strong></span> <span class='ocrx_word' id='word_1_337' title='bbox 1106 4221 1261 4289; x_wconf 75' lang='lat' dir='ltr'><strong>ostendunt,</strong></span> 
     </span>
    </p>
   </div>
   <div class='ocr_carea' id='block_1_8' title="bbox 0 0 1392 4876">
    <p class='ocr_par' dir='ltr' id='par_1_9' title="bbox 0 0 1392 4876">
     <span class='ocr_line' id='line_1_39' title="bbox 0 0 1392 4876; baseline 0 1"><span class='ocrx_word' id='word_1_338' title='bbox 0 0 1392 4876; x_wconf 95' lang='lat' dir='ltr'><em> </em></span> 
     </span>
    </p>
   </div>
  </div>
 </body>
</html>
