2776 4876
133 368 203 437 1,1δ
1148 371 1185 425 43

222 529 294 594 Καὶ
315 525 357 611 δὴ
379 531 435 595 καὶ
458 534 494 594 ai
515 532 576 610 τῆς
588 525 726 614 μήνιδος
740 524 898 608 &aaran
911 531 1042 595 ίοονται
1057 537 1185 617 σαφεῖς,
1204 539 1242 599 13

132 635 193 705 ido
220 636 284 720 τὴν
317 642 418 725 μῆνιν
446 643 512 707 τῶν
539 642 631 706 θεῶν
658 636 918 725 καταμάθωμεν.
963 636 1047 719 αὕτη
1075 643 1187 706 τοίνυν

97 749 208 839 sorix,
231 749 275 829 ὡς
296 752 386 818 δοκεῖ
407 755 488 830 τισί,
516 747 645 818 παλαιά
673 754 723 828 τίς
744 755 813 817 δοκι
838 755 894 817 καὶ
922 755 1066 839 ίμμονος
1094 748 1186 841 ὀργή,

133 856 221 928 ἀλλά
242 864 302 943 τῆς
323 861 545 951 ἀγαθουργοῦ
565 864 762 946 κηδεμονίας
775 867 850 947 περὶ
865 865 957 929 θεῶν
978 859 1187 953 ἀποστροφή,

133 971 178 1056 ἢν
198 973 296 1041 αὐτοὶ
324 969 461 1052 iocunde
488 974 771 1062 ἀποστρίεμαντες,
800 970 908 1059 ὥσπερ
937 982 973 1040 εν
997 977 1188 1062 μεσημβρίᾳ

100 1083 247 1176 ςφωτάς
268 1083 591 1176 κατακαλυψάμενος
614 1081 732 1163 σκότος
752 1091 882 1163 ίαυτοίς
903 1083 1110 1171 ἐπηγάγομεν
1130 1090 1188 1151 καὶ

135 1194 404 1287 ἀπεστερήοαμεν
431 1193 567 1273 ἑαυτοὺς
594 1201 654 1279 τῆς
682 1201 748 1264 τῶν
772 1199 863 1263 θεῶν
890 1194 1027 1281 ἀγαθῆς
1055 1194 1186 1275 δόσεως.

135 1306 275 1375 δύναται
296 1300 357 1375 οὖν
378 1307 400 1389 ἡ
423 1308 566 1389 statana
587 1306 675 1394 ἡμᾶς
697 1314 892 1395 ἐπιστρέψαι
911 1303 996 1394 πρὸς
1007 1305 1072 1390 τὴν
1083 1312 1187 1396 κρείτ-

101 1439 219 1490 υτονα
240 1423 427 1503 μετουσίαν,
455 1423 511 1487 καὶ
533 1416 594 1501 τὴν
616 1418 862 1507 ἀνεσταλμένην
883 1418 944 1512 ἀφ’
963 1418 1058 1503 ἡμῶν
1085 1424 1188 1487 θείαν

135 1533 336 1616 κηδεμονίαν
358 1536 403 1608 τίς
416 1536 591 1598 κοινωνίαν
604 1542 836 1616 προσαγαγεῖν,
857 1534 913 1598 καὶ
934 1534 1096 1612 συνδῆσαι
1111 1553 1188 1617 ουμ-

136 1646 262 1731 μίτρας
281 1639 325 1708 τά
346 1638 547 1728 μετεχόμενά
568 1665 604 1707 τε
624 1644 681 1707 καὶ
702 1640 1002 1728 μεταλαμβάνοντα
1023 1639 1108 1731 πρὸς
1128 1638 1189 1709 ἀλ-

85 1771 120 1821 12
138 1756 232 1834 ληλα.
268 1757 431 1821 τοσοῦτον
451 1746 511 1821 οὖν
533 1752 697 1845 ἀφέστηκε
718 1757 778 1820 τοῦ
799 1750 855 1819 aaa
876 1751 1012 1832 πάθους
1032 1758 1189 1821 ἐπιτελεῖν

139 1859 178 1930 τὸ
199 1867 318 1946 ίαυτῆς
338 1869 442 1952 ἔργον,
465 1862 547 1930 ὥστε
569 1867 625 1930 καὶ
647 1864 737 1949 ἡμᾶς
757 1863 918 1956 ἀφίστησι
939 1870 999 1948 τῆς
1013 1867 1190 1953 ὲμπαθοῠς

139 1980 196 2042 καί
216 1973 427 2064 ταραχώδους
449 1970 516 2042 ἀπό
538 1979 605 2042 τῶν
625 1980 718 2044 θεῶν
739 1975 965 2067 ἀποστροφῆς.

87 2111 122 2162 15
227 2089 276 2153 Λί
298 2087 328 2153 δ’
348 2086 501 2166 ἐκθύσεις
522 2086 541 2155 ό
563 2112 596 2154 τε
617 2086 755 2174 πάρεστι
775 2085 878 2156 κακόν
900 2097 935 2156 εν
949 2100 1020 2167 τοῖς
1039 2095 1113 2174 περὶ
1127 2091 1191 2173 γῆν

139 2197 254 2278 τόποις
276 2198 460 2288 ίατρεόουοι
487 2205 542 2266 καὶ
570 2197 887 2288 παρασκευάζουσιν,
915 2199 998 2269 ὥστε
1026 2205 1191 2287 μηδεμίαν

139 2308 267 2399 τροπὴν
292 2308 313 2392 ἢ
334 2309 451 2390 πάθος
480 2337 513 2379 τι
538 2317 613 2397 περὶ
640 2311 729 2399 ἡμᾶς
756 2315 924 2396 γενέσθαι.
970 2312 1032 2379 sice
1055 2304 1113 2380 οὖν
1135 2307 1190 2377 διά

89 2443 122 2493 18
139 2425 233 2490 θεῶν
265 2423 328 2490 ε’ίτε
362 2423 418 2490 διά
446 2423 613 2510 δαιμόνων
646 2423 667 2505 ἡ
694 2421 830 2504 τοιαύτη
857 2429 1001 2508 γίνοιτο,
1039 2417 1192 2508 βοηθοὺς

213 2570 236 2621 l.
264 2564 452 2642 ἀγαθοεργεῖν]
471 2570 505 2621 sic
523 2568 578 2631 Ac.
595 2564 768 2642 ἀγαθοεργεῖν
786 2560 1025 2638 0.11κηδαιμονίας
1043 2565 1074 2619 Β.
1091 2562 1105 2636 ΙΙ
1121 2565 1190 2638 περὶ]

214 2656 289 2727 παρὰ
306 2675 390 2722 margo
410 2660 438 2708 A.
515 2659 539 2709 5.
566 2653 656 2722 αὐτοὶ]
675 2651 758 2714 αὐτὸς
776 2654 806 2706 Β.
827 2649 840 2724 ΙΙ
861 2657 966 2715 ἑαυτοῖς
984 2655 1030 2735 0.,
1090 2656 1116 2707 θ.
1142 2676 1192 2705 κα-

213 2741 396 2811 ταλυιγάμενοι
422 2740 450 2795 C.
481 2736 493 2812 ΙΙ
523 2739 680 2813 ίπιγάγομεν
699 2744 729 2794 Β.
853 2744 876 2792 7.
914 2736 1137 2811 ἀποστερήσομεν
1159 2739 1191 2793 Β.

214 2831 255 2883 10.
283 2836 442 2898 προαγαγεῖν
461 2830 542 2882 ΑΒΒ.
627 2832 668 2883 15.
695 2834 814 2890 ἐκθέσεις
835 2827 866 2879 Β.
952 2829 1048 2880 17.18.
1076 2829 1127 2880 εἴτε
1146 2817 1194 2881 oda

213 2917 258 2969 διά
276 2916 346 2971 θεοῖν
364 2936 416 2968 osu.
436 2915 468 2969 C·
539 2918 580 2969 18.
607 2917 724 2984 γίγνοιτο
742 2915 822 2969 Aci).

213 3036 269 3092 Sed
287 3046 314 3093 et
331 3039 387 3094 irae
404 3038 509 3095 divinae
526 3040 729 3115 procurationes
747 3036 901 3094 manifestae
919 3046 1004 3103 erunt,
1021 3037 1046 3091 si
1063 3045 1139 3092 recte
1154 3037 1194 3090 in·

143 3121 293 3200 telligamus
312 3123 399 3200 qualis
416 3127 453 3181 sit
470 3125 581 3182 deomm
598 3127 645 3180 ira.
688 3135 767 3201 atque
785 3145 815 3180 ea
833 3123 940 3200 quidem
951 3142 1007 3178 non
1019 3131 1069 3187 est,
1088 3130 1118 3175 ut
1129 3139 1195 3175 non·

143 3209 225 3266 nullis
242 3208 357 3279 videtur,
380 3213 528 3269 inveterata
546 3211 675 3288 quaedam
694 3222 721 3268 et
738 3231 896 3290 permanens
915 3207 1060 3275 iracundia,
1083 3208 1132 3264 sed
1149 3209 1195 3264 be·

143 3297 245 3355 nelicae
267 3297 377 3354 deorum
400 3301 606 3355 curaeaversio
630 3297 771 3375 quaedam,
799 3318 878 3375 quam
902 3296 1017 3373 quidem·
1030 3313 1126 3352 curam
1148 3295 1194 3350 nbi

143 3386 303 3462 nosmetipsi
325 3386 531 3441 averterimus'a
550 3384 642 3452 nobis,
666 3394 798 3461 tamquam
823 3406 837 3441 a
861 3385 921 3441 lace
943 3382 1064 3440 meridiei
1081 3400 1132 3437 nos
1150 3382 1196 3437 ab·

144 3471 316 3538 madentes,
334 3471 459 3527 tenebras
477 3471 557 3527 nobis
575 3473 744 3539 accersimus,
768 3482 795 3529 et
811 3472 882 3528 bona
899 3471 1010 3527 deorum
1031 3467 1195 3543 indulgentia

143 3578 194 3614 nos
213 3559 266 3634 ipsi
284 3559 427 3633 privamus.
462 3567 554 3634 potest
572 3567 660 3615 autem
678 3557 794 3635 placatio
811 3577 862 3614 nos
884 3560 980 3613 iterum
1004 3558 1146 3612 aestimare
1167 3556 1196 3610 in

144 3645 378 3721 participationem
396 3641 521 3711 divinam,
541 3653 568 3700 et
585 3644 782 3721 providentiam
799 3643 917 3700 divinam
935 3664 950 3697 a
968 3644 1046 3699 nobis
1064 3642 1196 3699 divulsam

143 3736 242 3789 iterum
261 3729 295 3785 ad
312 3748 343 3784 se
360 3729 607 3786 communicandum
624 3733 746 3799 invitare,
765 3740 792 3786 et
810 3729 901 3786 debito
913 3728 993 3784 modo
1005 3731 1196 3807 participantes

145 3839 206 3876 cum
223 3817 393 3896 participatis
411 3824 504 3871 mutuo
521 3830 688 3873 connectere.
723 3826 826 3872 tantum
843 3816 925 3892 igitur
941 3815 1017 3871 abest
1033 3824 1065 3870 ut
1081 3813 1197 3893 patibili·

145 3907 209 3963 tatis
227 3907 381 3961 interventu
399 3921 467 3980 opus
491 3921 568 3958 sunm
591 3901 696 3981 expleat
717 3902 763 3958 illa
786 3901 913 3980 placatio,
936 3910 967 3957 ut
988 3921 1039 3958 nos
1058 3905 1137 3959 etian
1154 3921 1194 3958 re·

145 4001 225 4049 vocet
243 3991 275 4046 ab
294 3992 366 4046 omni
380 3990 520 4044 aversione
538 4009 552 4043 a
570 3986 632 4055 diis,
650 4009 718 4066 quae
729 3989 899 4069 passionibus
912 3998 939 4045 et
952 3987 1195 4066 perturbationibus

165 4079 225 4135 lena
244 4087 293 4134 est.

146 4099 165 4157 P
218 4165 404 4221 Lustrationes
422 4170 518 4233 autem,
538 4163 643 4238 quoties
660 4162 727 4220 locis
745 4173 833 4221 terrae
850 4165 946 4219 vicinis
965 4160 1065 4237 aliquid
1083 4158 1145 4214 mali
1157 4161 1196 4216 in·
1214 4161 1252 4221 13

148 4253 235 4320 cubat,
254 4251 393 4308 medentur
410 4259 439 4306 et
455 4261 571 4318 tuentur,
590 4259 619 4306 ut
636 4249 709 4308 nulla
726 4254 839 4309 mutatio
849 4259 894 4306 ant
904 4252 996 4328 passio
1006 4248 1094 4325 possit
1106 4249 1133 4304 in
1145 4266 1195 4306 nos
