2776 4876
195 350 231 407 80
1202 346 1254 408 28

197 508 323 574 ἑαυτῶν
345 507 524 593 συμφαίνει
547 497 589 568 τά
603 504 718 592 πρῶτα
733 495 809 577 τοὺς
824 497 971 585 πρώτους
986 502 1041 565 καὶ
1058 494 1099 563 τά
1116 495 1255 585 δεύτερα

197 611 274 694 τοὺς
296 617 463 702 δευτέρους
486 618 521 682 ἐν
537 613 664 697 ἑκάστῳ
686 614 751 677 τῶν
766 613 865 698 τριῶν
884 608 1017 687 τούτων,
1040 604 1152 675 καὶτὰ
1168 605 1255 674 ἄλλα

199 723 242 806 ὥς
264 733 385 794 ίκαστα
407 728 625 792 διατέτακται.
1275 737 1289 786 3

162 856 182 915 8
209 895 210 899 ,
287 840 358 904 Καὶ
380 833 448 923 μὴν
469 835 530 918 τήν
552 861 589 922 χε
611 832 794 912 λεπτότητα
825 834 885 898 τοῦ
908 828 1019 923 φωτός
1041 837 1072 898 οἱ
1095 835 1154 916 μίν
1176 834 1256 897 θεοὶ

199 945 367 1028 τοσαύτην
390 944 638 1034 ἐπιλάμπουσιν,
668 945 711 1022 ὡς
738 939 980 1029 μὴδύνασθαι
1004 951 1123 1030 χωρεῖν
1152 935 1257 1022 αὐτὴν

200 1054 278 1138 τοὺς
300 1054 506 1145 σωματικοός
528 1053 742 1149 ὀφθαλμούς,
765 1049 850 1120 ἀλλὰ
873 1056 929 1120 καὶ
944 1050 1025 1120 αὐτὸ
1040 1050 1178 1139 πάσχειν
1192 1055 1258 1119 τῶν
1276 1076 1291 1127 6

200 1167 328 1258 ίχθόων
351 1177 421 1247 τοῖς
443 1162 511 1235 ἀπό
535 1170 684 1255 θολερᾶς
697 1170 753 1234 καὶ
768 1168 907 1251 παχείας
920 1162 1100 1253 ὑγρότητος
1116 1171 1160 1243 είς
1174 1164 1258 1252 άίρα

202 1276 323 1348 λεπτόν
344 1283 401 1347 καὶ
424 1282 575 1371 διαφανῆ
597 1277 856 1363 άνασπωμίνοις.
901 1280 957 1342 καὶ
978 1273 1042 1363 γάρ
1066 1281 1098 1343 οἱ
1120 1272 1258 1363 άνθρω-

201 1417 259 1460 ποι
289 1397 319 1459 οί
349 1394 476 1480 θεωροὶ
506 1394 566 1457 τοῦ
596 1392 694 1456 θείου
716 1383 819 1478 πυρός
841 1387 881 1455 οὐ
910 1384 1085 1472 δυνάμενοι
1115 1383 1171 1453 διά
1198 1383 1293 1468 τὴνυ

202 1488 386 1583 1επτότητα
421 1504 482 1568 τοῦ
515 1503 616 1567 θείου
647 1496 944 1582 πυρὸς-ἀναπνεῖν
979 1497 1259 1586 ὀλιχοὸρανοῦσιυ,

202 1613 247 1690 ὡς
267 1615 349 1680 trista
371 1616 559 1703 φαίνονται,
588 1613 644 1676 καὶ
672 1613 733 1676 τοῦ
761 1605 934 1700 συμφότου
962 1607 1148 1696 πνεύματος
1175 1608 1260 1676 oino-

203 1725 375 1790 κλείονται.
421 1719 620 1811 ἀρχάχχείοι
643 1724 677 1787 ot
700 1718 759 1786 οὐκ
782 1717 922 1802 ἀνεκτὴν
947 1724 1007 1806 μὲν
1036 1727 1081 1799 είς
1107 1715 1146 1787 τό
1176 1719 1259 1786 άνα-
1278 1733 1312 1785 12

203 1845 297 1899 πνεῖν
319 1831 394 1900 οὐδὲ
415 1831 512 1900 αὐτοὶ
534 1828 595 1914 τὴν
610 1826 834 1921 καθαρότητα
848 1814 1117 1916 ιἰποστίλβουσιν,
1140 1831 1179 1899 οὐ
1193 1828 1261 1918 μὴν

204 1942 326 2029 ὁμοίως
347 1968 384 2029 χε
408 1941 580 2035 ἀφόρητον
603 1952 673 2021 τοῖς
694 1948 885 2030 κρείττοσιν.
933 1948 968 2009 αἱ
983 1944 1018 2009 δὲ
1034 1946 1099 2009 τῶν
1114 1941 1261 2028 άχχίλων

203 2059 385 2142 παρουσίαι
407 2049 559 2145 φορητὴν
580 2057 641 2121 τοῦ
667 2052 766 2145 ἀέρος
791 2057 909 2142 κρᾶσιν
940 2052 1149 2132 ἐπιτελοῦσιν,
1179 2050 1261 2120 ὥστε
1280 2073 1313 2123 15

205 2161 378 2242 δύνασθαι
402 2159 505 2245 αὐτὴν
533 2168 589 2231 καὶ
617 2175 687 2243 τοῖς
714 2168 893 2254 θεονρχοῖς
922 2161 1162 2233 συνάπτεσθαι.
1208 2167 1263 2230 ἐπὶ

205 2276 239 2342 δὲ
261 2279 327 2342 τῶν
349 2273 516 2360 δαιμόνων
539 2274 633 2343 οὐδὲν
663 2276 681 2342 ό
711 2273 789 2353 ὅλος
823 2275 889 2361 ἀηρ
912 2273 1109 2364 συμπάσχει,
1139 2274 1213 2342 οὐδὲ
1242 2274 1261 2341 ὁ

207 2390 280 2477 περὶ
303 2383 424 2466 αὐτοὺς
452 2392 672 2476 περικείμενος
699 2392 825 2474 γίνεται
854 2386 1060 2484 λεπτότερος,
1088 2386 1163 2453 οὐδὲ
1192 2390 1263 2479 φῶς
1282 2403 1314 2454 18

276 2620 301 2670 1.
329 2621 468 2688 συμβαίνει
486 2618 520 2672 D.
610 2620 635 2671 6.
664 2617 847 2690 συμαυικούς]
866 2617 916 2673 τοῦ
935 2618 1059 2689 σώματος
1078 2620 1109 2681 Α,
1128 2639 1180 2672 om.
1198 2619 1220 2670 B
1240 2635 1263 2671 et

274 2723 331 2755 eum
349 2704 453 2756 lacunae
470 2719 529 2756 nota
547 2703 602 2758 Cl).
624 2698 636 2771 ΙΙ
657 2700 818 2774 ὀφθαλμούς
836 2724 885 2756 om.
907 2704 986 2758 BCD.
1059 2705 1084 2757 7.
1112 2709 1210 2772 ίχθίων
1229 2707 1262 2757 D.

277 2793 303 2843 9.
330 2791 375 2843 διὰ
393 2808 444 2841 om.
464 2790 546 2844 ABD.
663 2791 705 2844 11.
733 2791 810 2843 ersten
827 2791 861 2842 l).
976 2792 1018 2845 14.
1046 2785 1212 2862 άρχαχχίλων
1230 2791 1262 2844 Β.

277 2877 320 2928 15.
348 2889 404 2927 aute
421 2873 514 2946 κρᾶσιν
535 2874 603 2927 1101)
623 2875 717 2928 addunt
735 2875 792 2943 τὴν.
903 2878 942 2930 16.
972 2875 1029 2942 rut]
1049 2880 1105 2930 emt
1123 2877 1157 2930 D.

207 3091 234 3136 et
250 3083 351 3158 primae
370 3082 478 3157 quidem
495 3086 605 3160 primos,
631 3083 763 3141 secundae
781 3083 927 3152 secundos,
952 3084 1026 3161 quod
1043 3085 1078 3140 ad
1096 3085 1199 3162 singula
1217 3086 1264 3141 bo·

206 3186 264 3223 rum
282 3169 362 3224 trium
380 3187 505 3245 generum
523 3172 631 3237 attinet,
657 3179 684 3225 et
702 3180 789 3227 cetera
808 3169 932 3227 similiter
954 3181 1035 3249 prout
1057 3191 1148 3228 eorum
1171 3193 1265 3232 uuum·

207 3252 333 3330 quodque
350 3254 495 3311 ordinatur.

168 3346 189 3405 8
275 3338 417 3397 Praeterea
435 3351 507 3397 tauta
525 3353 568 3398 est
585 3341 720 3398 subtilitas
738 3341 807 3398 lucis
827 3362 905 3417 quam
917 3341 955 3398 dii
971 3353 1128 3420 apparentes
1141 3342 1265 3414 fundunt,

206 3436 236 3482 ut
254 3446 312 3482 eam
329 3437 464 3502 nequeant
481 3430 615 3484 sustinere
633 3426 706 3483 oculi
725 3431 862 3506 corporei;
881 3430 960 3484 immo
979 3428 1051 3484 idem
1070 3448 1131 3485 eum
1142 3432 1264 3507 piscibus

205 3515 350 3588 patiuntur,
369 3514 416 3588 qui
434 3533 467 3568 ex
485 3514 592 3570 turbida
611 3524 639 3569 et
656 3533 745 3570 crassa
764 3535 831 3590 aqna
844 3516 979 3591 inpurum
993 3514 1163 3592 etliquidum
1175 3520 1266 3573 obrem

206 3595 388 3652 extrahuntur.
434 3597 556 3655 homiues
574 3602 646 3656 enim
664 3602 711 3675 qui
735 3599 854 3655 divinum
877 3602 964 3676 ignem
987 3611 1123 3679 spectant,
1145 3622 1200 3658 uon
1222 3623 1267 3660 va·

207 3679 293 3736 lentes
312 3684 445 3759 respirare
462 3705 527 3762 prae
539 3685 689 3742 subtilitate
701 3685 786 3742 divini
799 3688 877 3763 ignis,
895 3689 1089 3764 quamprimum
1101 3687 1202 3755 vident,
1222 3688 1266 3744 de·

207 3765 303 3822 lieiunt
320 3769 423 3836 animis,
442 3770 590 3828 intercluso
609 3774 707 3850 spiritu
725 3771 847 3828 naturali.
885 3772 1044 3850 'archangeli
1058 3793 1165 3849 qnoque
1177 3773 1267 3852 splen·

208 3850 302 3908 dorem
320 3855 444 3910 emittunt
462 3858 654 3934 respirantibus
673 3858 780 3934 quidem
792 3857 996 3927 intolerabilem,
1015 3880 1069 3915 nou
1081 3881 1166 3937 aeque
1178 3871 1266 3917 tamen
1354 3907 1356 3911 .

210 3957 241 3994 ae
254 3947 307 3992 'est
331 3936 441 3994 deorum
465 3940 602 4019 splendor.
652 3944 738 4020 augeli
762 3955 922 4024 apparentes
945 3952 1034 4003 utrem
1056 3945 1189 4015 afficiunt,
1217 3946 1267 4002 sed

204 4015 338 4100 'temperie
356 4023 503 4093 tolerabili,
527 4038 555 4083 et
572 4050 639 4105 quae
657 4033 746 4109 possit
767 4030 922 4088 sacerdotes
940 4035 1094 4110 contingere
1112 4035 1171 4089 sine
1188 4052 1266 4090 noxa.

209 4107 384 4166 daemonibus
403 4115 593 4188 apparentibus
612 4125 685 4172 totus
704 4123 750 4174 atr
768 4137 823 4173 non
840 4120 950 4196 patitur,
969 4140 1018 4176 nec
1037 4121 1083 4194 qui
1102 4121 1142 4175 eis
1155 4122 1268 4175 eircum-

210 4192 328 4254 luuditur
346 4197 432 4254 rarior
450 4197 547 4266 evadit,
570 4221 656 4277 neque
673 4205 822 4280 praecurrit
840 4203 900 4272 lux,
926 4207 968 4260 eui
987 4210 1075 4260 nitram
1097 4207 1266 4282 praeparanti
