2776 4876
143 308 260 415 αι’
1145 349 1199 405 ιω

143 507 209 572 τῶν
230 505 424 570 τελευταίων
446 501 468 584 ἡ
482 508 558 593 περὶ
572 506 638 570 τῶν
652 501 764 593 ἀργῶν
777 505 975 587 Αἰγυπτίοις
988 508 1198 592 πραγματεία

144 641 195 707 αφ
225 610 300 693 ἑνός
322 610 465 702 ἄρχεται,
495 619 551 682 καὶ
573 613 721 700 πρόεισιν
743 621 788 693 είς
810 617 946 694 πλῆθος
974 616 1040 680 τῶν
1066 618 1199 682 πολλῶν

108 745 123 797 3
142 717 247 804 αὖθις
261 723 318 814 ὑφ’
333 721 407 804 ἑνός
422 728 738 816 διακυβερνωμὲνων,
752 727 995 811 καὶπανταχοῦ
1008 727 1068 806 τῆς
1082 724 1199 813 ἀορίσ-

143 862 203 904 του
226 833 356 926 φάσεως
378 841 654 925 ὲπικρατουμίνης
675 834 739 905 ὑπό
761 861 851 916 τινος
872 835 1055 926 ὡρισμένου
1078 842 1200 926 μέτρου

142 950 200 1014 καὶ
223 950 283 1028 τῆς
306 945 463 1015 ἀνωτάτω
486 951 612 1026 ἑνιαίας
634 945 768 1015 πάντων
790 952 907 1026 αλτίας.
951 943 1034 1028 όλην
1056 950 1091 1014 δὲ
1114 972 1200 1038 παρ-

108 1056 266 1144 ςήγαγεν
289 1058 308 1125 ὁ
331 1053 415 1137 θεὸς
444 1055 512 1126 ἀπό
533 1063 593 1140 τῆς
615 1055 809 1139 οὐσιότητος
830 1058 1092 1147 ὑποσχισθείσης
1120 1056 1200 1126 ὑλό-

143 1194 249 1251 τητος,
279 1165 321 1250 ἢν
342 1167 549 1259 παραλαβών
578 1168 819 1259 ὁδημιουργός
848 1165 985 1251 ζωτικὴν
1014 1162 1118 1238 οὖσαν
1140 1165 1201 1249 τάς

143 1280 253 1358 ἁπλᾶς
274 1283 330 1347 καὶ
352 1280 501 1360 ἀπαθεῖς
521 1285 669 1372 σφαίρας
690 1280 749 1348 ἀπ’
768 1280 871 1384 ρύτῆς
893 1278 1138 1371 ἐδημιούργησε,
1160 1277 1199 1348 τό

109 1393 178 1462 εδδ
201 1395 340 1480 ἔσχατον
369 1392 471 1473 αὐτῆς
500 1399 545 1472 είς
567 1389 609 1458 τά
631 1392 772 1479 γεννητά
801 1396 857 1460 καὶ
886 1392 1032 1484 φθαρτά
1061 1391 1199 1480 σώματα

144 1500 346 1589 διεκόσμησε.

231 1617 533 1703 Διευκρινηθίντων
556 1610 597 1696 δὴ
622 1605 682 1683 οὖν
703 1613 829 1684 τούτων
853 1614 970 1697 οὕτως,
998 1619 1142 1683 καὶτῶν
1164 1618 1237 1683 ἑν4

91 1742 126 1795 12
143 1735 213 1805 τοῖς
227 1724 489 1815 συγγράμμασιν,
505 1725 555 1804 οἷς
570 1728 673 1812 λέγεις
683 1733 971 1816 περιτετυχηκίναι,
987 1723 1101 1815 σαφής
1111 1733 1200 1793 ἐστιν

143 1836 165 1918 ἡ
189 1835 351 1916 διάλυσις·
386 1833 429 1904 τά
451 1841 512 1924 μὲν
533 1832 598 1924 γάρ
622 1834 790 1929 φερόμενα
816 1837 859 1916 ὡς
878 1837 1002 1925 Ἑρμοῦ
1020 1833 1200 1926 Ἐρμαϊκάς

143 1953 280 2039 περιέχει
302 1947 410 2030 δόξας,
433 1956 461 2016 ελ
475 1953 531 2044 καὶ
546 1952 586 2040 τῇ
600 1951 666 2017 τῶν
683 1948 881 2043 φιλοσόφων
902 1945 1027 2040 γλόττγ
1042 1945 1200 2026 πολλάκις

91 2080 125 2131 15
140 2063 277 2146 χρῆται·
299 2070 566 2150 μεταγεγραπται
588 2056 651 2148 γάρ
676 2057 743 2127 ἀπὸ
768 2063 827 2141 τῆς
849 2062 1035 2145 Αἰγυπτίας
1055 2057 1201 2144 γλώττης

143 2168 198 2236 ὑπ’
217 2168 347 2259 ἀνδρῶν
370 2174 575 2264 φιλοσοφίας
597 2170 656 2238 οὐκ
671 2170 812 2259 άπιίρως
827 2168 977 2257 ἐχόντων.
1013 2165 1201 2260 Χαιρήμων

214 2349 238 2402 3.
267 2349 502 2420 διακνβερκομίτιιν
520 2349 551 2400 Α.
573 2343 586 2417 ΙΙ
607 2345 670 2416 της]
689 2348 739 2400 τοῦ
757 2347 790 2399 0.
900 2350 924 2400 5.
935 2348 958 2399 6.
987 2345 1142 2417 παρήγαγον
1169 2345 1201 2400 C.

215 2436 258 2487 16.
286 2430 445 2505 Χαιρήμων]
462 2433 543 2506 χαιρίγ
561 2435 613 2503 μὴν
632 2432 653 2487 C
672 2432 770 2503 „reperi
787 2432 814 2484 in
827 2452 884 2486 meo
898 2430 1054 2504 Χαιρημηκ“
1073 2425 1138 2483 Gale
1147 2445 1200 2484 nor.

213 2521 280 2573 haud
298 2519 376 2572 dubie
392 2519 434 2572 hie
451 2519 518 2573 idem
537 2535 573 2572 est
590 2520 745 2573 Chaeremon
765 2517 872 2581 Stoicus,
888 2537 964 2589 quern
982 2517 1136 2589 Porphyrius
1154 2515 1200 2586 (de

214 2609 274 2659 abst.
294 2608 319 2671 4,
338 2604 373 2672 8)
392 2621 463 2658 vocet
480 2606 561 2658 virum
580 2604 687 2659 veritatis
702 2604 841 2658 studiosum
861 2619 885 2657 et
902 2619 1051 2666 accuratum,
1074 2603 1199 2676 Hierony-

214 2713 270 2744 mus
289 2690 319 2755 (2
332 2693 386 2745 adv.
399 2691 484 2745 Jovin.
498 2689 546 2758 1³)
563 2691 644 2744 virum
663 2689 902 2761 eloquentissimum,
920 2692 1021 2744 Tnetnes
1039 2687 1119 2757 (Chii.
1132 2692 1157 2753 6,
1170 2688 1201 2758 6)

214 2799 339 2832 sacrorum
361 2779 482 2842 ecribnm,
506 2779 549 2849 qui
573 2794 632 2832 teste
649 2778 729 2832 Suide
750 2777 937 2851 hieroglyphice
959 2777 1116 2848 conecripeit;
1137 2777 1200 2831 aliur

213 2884 265 2917 esse
282 2864 379 2918 videtur
397 2866 560 2928 Chaeremon,
578 2865 645 2918 Aelii
657 2864 726 2918 Galli
745 2885 835 2930 comes,
852 2865 1003 2917 eStrrbone
1020 2861 1058 2935 (p.
1068 2859 1134 2931 866)
1152 2863 1201 2916 vile

214 2951 321 3015 habitus,
340 2952 435 3023 quippe
452 2951 497 3023 qni
514 2972 598 3006 rerum
616 2952 812 3025 aegyptiacarum
831 2950 958 3004 seientiam
971 2952 1140 3021 profitebatur,
1157 2952 1199 3004 red
1254 2947 1256 2951 ¹

214 3039 248 3089 ob
266 3037 389 3091 inscitiam
408 3053 432 3091 et
449 3039 612 3106 iungentium
631 3041 681 3092 iere
699 3039 837 3109 plurimum
857 3037 1021 3091 deridebatur.

144 3194 225 3232 unum
242 3175 402 3252 praeficiunt
421 3178 466 3252 qui
485 3177 608 3232 omnibus
626 3177 750 3252 superior
767 3176 811 3230 sit.
858 3184 938 3250 etque
955 3175 992 3228 ita
1004 3173 1200 3250 Aegyptiorum

145 3260 266 3317 doctrino
285 3260 319 3317 de
337 3264 479 3341 principiis
501 3263 617 3340 desuper
634 3260 669 3318 ad
685 3260 811 3317 iuferiora
829 3257 1004 3337 progrediens
1029 3259 1063 3315 ab
1085 3279 1139 3316 uno
1161 3263 1200 3318 in·

145 3348 219 3424 cipit,
239 3357 266 3403 et
284 3347 384 3405 desinit
402 3352 431 3405 in
448 3347 646 3406 multitudinem
664 3349 743 3403 unius
761 3347 874 3423 imperio
886 3345 1066 3420 gubernatum,
1085 3356 1113 3401 et
1125 3366 1201 3423 pror·

146 3454 192 3489 sus
211 3438 298 3491 omnis
317 3434 521 3491 indeterminata
539 3437 567 3489 in
580 3453 616 3490 >se
633 3444 727 3491 notura
746 3433 872 3489 definitur
894 3440 921 3485 et
942 3432 1093 3487 continetur
1110 3429 1200 3506 aliquo

145 3529 219 3575 certo
237 3522 365 3589 termino‚'
381 3521 433 3576 hoc
452 3531 495 3577 est
512 3541 527 3576 a
546 3539 669 3597 suprema
687 3517 733 3575 illu
752 3521 861 3575 uniente
879 3519 967 3572 omnis
988 3537 1076 3572 cause.
1120 3525 1201 3572 ructe-

144 3607 212 3660 ritm
230 3605 303 3681 quod
324 3608 419 3663 attinet
443 3605 509 3662 deus
533 3626 591 3662 eam
612 3605 741 3684 produxit
763 3603 908 3661 dividendo
930 3601 1144 3660 materiadtetem
1167 3604 1201 3660 ab

145 3689 351 3758 essentialitate3
373 3691 443 3748 hunc
465 3693 603 3748 materiem
626 3690 716 3769 opifex
738 3690 804 3747 deus
828 3691 962 3767 accipiens
984 3687 1092 3745 vitalem
1115 3711 1148 3747 ex
1170 3711 1201 3746 ea

145 3776 283 3855 simplices
305 3777 579 3857 incorruptibilesque
602 3775 730 3856 sphaeras
752 3773 904 3843 fabricavit,
930 3777 1017 3853 ipsius
1038 3796 1103 3834 vero
1127 3776 1200 3853 quod

145 3874 202 3920 erat
228 3874 394 3943 postremum
420 3864 455 3930 ad
483 3884 597 3942 corpore
623 3862 783 3940 generabilia
810 3873 838 3918 et
865 3861 1048 3939 corruptibilia
1080 3862 1200 3920 iacienda

144 3949 288 4007 transtulit.

216 4036 266 4094 His
284 4040 321 4094 ita
340 4038 467 4094 distincte
489 4035 596 4093 truditis
618 4035 706 4092 facilis
729 4045 772 4091 est
794 4035 893 4092 solutio
916 4036 1057 4094 dubiorum
1080 4056 1149 4112 quae
1171 4044 1200 4090 tu
1218 4036 1238 4093 4

146 4127 272 4201 reperisti
290 4127 318 4181 in
336 4123 413 4181 libris
433 4144 501 4201 quos
520 4123 589 4180 dicis
607 4132 635 4179 te
646 4123 756 4179 vidisse
803 4142 864 4180 nam
876 4125 976 4202 scripta
994 4143 1060 4200 quae
1072 4121 1123 4177 sub
1134 4120 1201 4178 Her-

147 4214 225 4268 metis
244 4214 352 4268 nomine
370 4210 600 4283 circumferuntur,
619 4212 757 4269 continent
774 4210 883 4287 quidem
898 4211 1031 4268 Hermetis
1050 4210 1200 4287 opiniones,
