2776 4876
161 346 257 388 xcvru
416 328 468 386 tn
487 329 565 386 Galei
583 339 745 408 conspectura
763 333 846 386 totius
864 331 962 408 operis

161 508 223 546 cnm
240 488 298 566 lege
316 507 460 544 sacrorum.
507 487 631 566 symbola
648 487 778 546 divinitas
797 490 918 544 instituta
941 486 1044 564 aliquid
1065 485 1218 544 occultissi-

161 602 233 641 mum
255 583 415 659 significant.
463 582 554 641 divina
576 582 698 641 humanis
726 584 876 640 ratiociniis
904 601 959 637 non
985 601 1048 639 ease
1073 581 1217 639 metienda.

160 696 240 734 verae
257 676 396 754 ιείἰςίοιιίι
413 679 577 756 praestantia
594 688 622 734 et
640 677 751 736 lnrcms.

605 861 721 917 Sestio
744 865 768 915 2.

186 1033 209 1118 p.
230 1011 254 1064 l.
291 1006 459 1064 Daemonum
477 1007 588 1066 heroum
606 1010 753 1069 animarum
775 1005 942 1065 differentiae
960 1016 1063 1064 summe
1080 1028 1095 1062 a
1114 1009 1217 1087 naturis

158 1100 262 1159 viribus
281 1102 490 1180 operationibus.

231 1200 257 1252 2.
294 1194 474 1274 Operationes
493 1197 651 1254 daemonum
662 1194 774 1253 heroum
787 1197 933 1252 animarum
944 1193 1143 1274 particulariter
1155 1214 1218 1252 con·

161 1290 321 1349 siderentur.
370 1290 481 1348 deorum
499 1289 663 1370 indulgentia
681 1291 783 1346 animae
802 1287 903 1367 angelis
923 1287 1039 1346 eradunt
1056 1287 1189 1366 aequales.

231 1389 256 1442 3.
294 1384 455 1443 Dirinorum
473 1387 653 1465 apparitiones
671 1385 760 1441 variae
777 1405 827 1464 pro
846 1385 975 1442 varietate
993 1384 1125 1441 ordinum.

231 1484 256 1535 4.
293 1477 370 1537 Aliae
393 1480 560 1537 differentiae
583 1483 611 1536 in
633 1479 845 1558 apparitionibus
868 1477 1033 1547 divinorum,
1059 1478 1216 1558 exquibus,

160 1584 295 1650 umquam
312 1575 531 1652 proprietatibus,
549 1574 688 1631 decorum
700 1577 802 1630 naturis
816 1573 944 1631 iudicium
956 1570 1019 1630 ferri
1031 1583 1135 1652 potest:
1154 1585 1218 1630 sunt

161 1680 248 1725 summ
267 1669 390 1726 celeritas
408 1679 436 1726 et
452 1667 565 1725 tarditas
577 1670 722 1725 auctoritas
735 1664 879 1747 emphasis,
896 1667 1050 1745 magnitudo
1062 1678 1090 1725 et
1101 1668 1217 1726 latitudo

161 1765 274 1841 imperii,
294 1761 424 1820 claritudo
443 1762 532 1819 lumen
551 1762 629 1839 ignis.

231 1861 257 1913 b.
295 1858 471 1915 Differentiae
489 1877 522 1913 ex
539 1865 665 1935 respectu
682 1855 717 1912 ad
735 1857 836 1911 animas
855 1864 882 1912 et
899 1858 1044 1913 materiam.

231 1956 256 2010 6.
292 1952 470 2009 Differentiae
492 1972 525 2007 ex
548 1953 678 2008 varietate
702 1947 835 2006 bonorum
857 1971 924 2026 quae
949 1972 982 2007 ex
995 1936 1216 2029 apparitionibus

161 2046 312 2103 divinorum
330 2048 522 2130 percipiuntur.

231 2144 255 2197 7.
291 2140 467 2197 Differentiae
484 2160 518 2197 ex
535 2140 609 2196 vario
628 2139 756 2198 comitatu
775 2149 802 2195 et
820 2137 948 2196 satellitio
967 2161 1021 2219 quo
1033 2141 1166 2219 stipantur
1178 2138 1218 2197 di·

160 2239 221 2295 vina
239 2238 267 2293 in
285 2233 506 2316 apparitionibus.

231 2333 257 2388 8.
293 2330 470 2388 Differentiae
488 2349 522 2387 ex
539 2332 668 2388 varietate
690 2327 812 2397 luminis,
835 2325 985 2385 subtilitate
1002 2327 1087 2403 ignis,
1110 2330 1220 2387 raritate¹

161 2428 240 2482 airis.
1098 2495 1102 2503 Ι
1199 2414 1222 2489 ,Ι

231 2524 258 2578 9.
293 2519 469 2578 Differentiae
488 2539 521 2575 ex
538 2521 667 2575 varietate
689 2514 898 2598 dispositionum
920 2527 947 2574 et
969 2516 1125 2586 affectuum,
1147 2536 1216 2594 quos

161 2616 189 2671 in
207 2616 302 2670 animis
321 2616 503 2690 invocantium
520 2623 663 2691 procreant
681 2613 787 2688 quoties
805 2622 935 2692 apparent
954 2610 1053 2670 divina.
1158 2685 1162 2697 ι

233 2712 274 2764 10.
311 2708 409 2764 Narrat
420 2706 587 2786 Porphyrius
606 2709 758 2763 existimare
776 2704 920 2764 nonnullos
939 2726 1078 2764 commune
1090 2726 1150 2762 esse
1162 2725 1217 2762 om·

161 2803 241 2858 nibus
260 2800 372 2869 divinis,
395 2811 426 2858 ut
443 2823 504 2860 cum
521 2801 591 2858 fastu
610 2812 637 2857 et
659 2821 757 2880 pompa
775 2811 933 2880 appareant;
954 2800 1036 2857 idolis
1051 2800 1168 2880 ,quoque
1190 2811 1220 2856 et

161 2896 320 2974 imaginibus
338 2895 471 2972 lingendis
489 2895 611 2975 gaudere.
657 2906 799 2972 utrumque
817 2892 918 2952 refellit
935 2891 1109 2965 lamblichus,
1129 2897 1217 2961 omnia

161 3011 196 3048 ex
213 3010 278 3048 vero
296 2991 356 3047 fieri
374 2988 539 3046 contendens
557 2991 586 3045 in
604 3010 696 3047 eorum
714 2988 933 3068 apparitionibus.

233 3089 275 3141 ll.
311 3083 438 3163 Cognitis
457 3084 608 3141 divinorum
627 3095 735 3142 sanctos
753 3105 804 3141 nos
822 3082 893 3152 facit,
916 3088 1065 3165 igncrmtia
1083 3088 1215 3164 impuros3

162 3181 287 3257 coniungi
310 3188 400 3236 tamen
423 3200 473 3236 nos
497 3174 596 3237 divinis
619 3199 674 3236 non
697 3177 925 3259 speculationibus
944 3175 1146 3262 'philosophicis
1168 3179 1217 3237 sed

161 3273 290 3355 religione
308 3285 335 3331 et
353 3272 434 3330 cultu.

606 3455 722 3512 Sectio
746 3460 771 3512 3.

235 3609 258 3660 l.
294 3604 338 3661 De
356 3604 533 3672 divinatione,
557 3603 632 3681 quod
649 3622 703 3659 non
721 3606 759 3660 sit
776 3623 845 3683 epus
863 3605 1018 3673 humanum,
1041 3615 1150 3661 naturae
1172 3615 1219 3661 aut

162 3700 228 3754 artis
247 3698 366 3755 effectus.
411 3699 484 3775 quod
503 3698 595 3755 divino
614 3697 648 3754 ad
666 3718 715 3754 nos
734 3718 844 3756 munem
861 3710 889 3757 et
907 3699 1071 3777 indulgentia
1088 3703 1187 3757 reniet

232 3797 258 3848 Ἃ
294 3792 338 3848 De
355 3795 438 3850 variis
461 3794 636 3850 divinationis
658 3793 808 3872 speciebus.
854 3794 890 3851 de
906 3815 937 3852 ea
954 3814 1023 3871 quac
1038 3815 1089 3874 per
1106 3798 1217 3852 somnia.

163 3886 253 3943 divina
272 3888 376 3941 somnia
395 3886 483 3962 qualia
501 3898 577 3955 sunt3
596 3891 624 3945 in
642 3891 678 3945 iis
694 3892 809 3946 maxime
827 3892 870 3946 ris
887 3888 1050 3946 vaticinandi
1067 3891 1146 3944 inest.

233 3984 258 4037 3.
295 3979 408 4036 Animae
430 3991 538 4037 nostrae
561 3986 616 4039 vita
637 3983 751 4062 duplex,
775 3983 858 4040 altera
881 3986 988 4062 corpori
1010 4002 1112 4039 annexa
1134 3981 1219 4038 altera

163 4077 253 4136 divina
271 4085 300 4131 et
316 4072 482 4152 separabilis.
527 4077 663 4152 perhanc
680 4082 821 4135 veritatem
838 4077 913 4134 ridet
930 4080 1004 4134 unita
1022 4077 1130 4134 divinis.
1175 4098 1219 4134 re-

162 4173 227 4229 ritas
246 4169 298 4228 alia
316 4172 387 4227 circa
405 4167 480 4225 ideas
497 4188 565 4247 pure
582 4169 742 4243 abstractas,
767 4183 795 4230 et
812 4176 998 4252 incorporeas,
1019 4170 1070 4228 alia
1090 4174 1160 4229 circa
1179 4191 1220 4228 re·
