2776 4876
210 335 284 399 3,ss
1217 339 1269 394 13³

210 490 304 556 θεῶν
325 483 347 569 ἢ
369 486 566 576 προδραμόν
587 514 618 555 τι
642 496 686 568 είς
709 485 814 570 αὐτὴν
829 492 899 581 φῶς
914 489 975 583 ἀφ’
990 495 1115 559 ἑαυτῶν
1130 495 1267 579 ἐπιλαμ·

210 597 357 666 πόντων·
390 598 474 665 καθ’
498 597 652 686 ἑκάτερον
681 603 717 668 δὲ
745 597 804 668 τόν
831 598 957 688 τρόπον
986 601 1132 690 χωριστὴ
1160 607 1216 670 καὶ
1244 604 1266 686 ἡ

175 727 191 779 3
210 714 293 777 θεία
315 713 483 798 παρουσία
505 713 573 778 ἐστὶ
596 716 653 779 καὶ
674 709 695 792 ἡ
720 715 890 800 λλλαμψις.
924 714 945 794 ἡ
968 717 1028 800 μὲν
1044 705 1104 780 οὖν
1117 711 1266 801 προσοχίς

209 825 265 888 καὶ
294 819 427 887 διάνοια
455 824 515 901 τῆς
542 826 650 914 ψυχῆς
677 824 929 911 παρακολουθεῖ
957 835 1026 902 τοῖς
1053 828 1266 910 γιγνομένοις,

210 928 320 1013 ἐπειδὴ
342 928 468 999 τούτων
490 928 528 997 τό
552 936 651 1000 θεῖον
674 939 746 1025 φῶς
769 933 828 1001 οὐκ
857 931 1055 1025 ἐφάπτεται·
1084 932 1267 1016 ὲπιθειάζει

176 1045 245 1115 ott
266 1039 306 1109 τό
329 1041 569 1134 φανταστικόν,
598 1040 684 1109 διότι
712 1043 770 1112 οὐκ
798 1043 859 1134 ἀφ’
878 1049 1012 1127 ἑαυτοῦ,
1040 1040 1108 1110 άπὸ
1137 1047 1172 1111 δὲ
1201 1049 1266 1123 τῶν

210 1157 303 1221 θεῶν
336 1157 494 1243 ἐγείρεται
527 1161 572 1232 είς
603 1151 746 1242 τρόπους
779 1160 988 1247 φαντασιῶν,
1025 1155 1267 1241 ἐξηλλαγμένης
1370 1219 1375 1225 .

210 1262 316 1358 πάντη
337 1268 397 1346 τῆς
418 1263 637 1352 ἀνθρωπίνης
660 1269 854 1347 συνηθείας.

175 1392 192 1444 t
294 1371 424 1456 Ἐπειδὴ
448 1377 561 1442 δὲκαὶ
582 1369 605 1455 ἢ
626 1370 665 1442 τό
688 1383 839 1445 ἐναντίον
861 1376 1008 1446 δεκτικόν
1036 1385 1106 1446 ἐστι
1126 1382 1186 1445 τοῦ
1209 1382 1263 1445 ἐν·

209 1488 327 1553 αντίου
347 1481 433 1552 κατὰ
460 1484 652 1572 μεταβολὴν
679 1491 736 1554 καὶ
764 1491 916 1556 ἔκστασιν
945 1487 1153 1583 ἀφ’λαυτοῦ,
1181 1481 1264 1569 ried

208 1601 359 1682 συγγενὲς
380 1600 437 1665 καὶ
458 1603 580 1664 ολιιεῖον
602 1596 645 1663 δι’
666 1596 857 1683 ὁμοιότητα,
879 1594 934 1665 διά
957 1604 1063 1670 ταῦτα
1078 1594 1119 1678 δὴ
1135 1595 1265 1677 εἰκότως

157 1722 191 1774 12
202 1704 282 1774 ’τοτὲ
303 1711 363 1793 μὲν
377 1705 496 1786 σκότος
510 1704 669 1796 συνεργὸν
684 1706 913 1795 λαμβάνουσιν
929 1715 960 1777 oi
975 1712 1264 1800 φωταγωγοῦντες,

208 1821 281 1886 τοτὲ
299 1821 338 1885 ,δὲ
359 1818 457 1900 ἡλίου
478 1823 550 1910 φῶς
570 1815 593 1901 ἢ
616 1815 754 1900 σελήνης
775 1816 799 1900 ἢ
821 1817 904 1898 ὅλως
918 1801 980 1899 τὴν
993 1818 1180 1907 ὑπαίθριον
1204 1819 1264 1887 αιἰ-

208 1924 271 2013 γὴν
293 1927 594 2016 συλλαμβανόμενα
616 1933 727 2015 λχουσι
747 1926 831 2017 πρὸς
852 1927 914 2012 τήν
936 1933 1110 2022 λλλαμιμιν.

157 2061 191 2112 to
294 2039 418 2108 Ἐνίοτε
434 2042 469 2106 δὲ
483 2043 540 2106 καὶ
554 2037 779 2107 καταστάσεσί
793 2062 890 2106 τινοιν
901 2043 1056 2128 χρῶνται,
1078 2037 1143 2107 όσα
1160 2047 1263 2109 οἰκεῖα

208 2159 278 2228 τοῖς
305 2154 403 2228 θεοῖς
429 2149 568 2237 ὑπάρχει
595 2160 666 2227 τοῖς
692 2153 866 2236 μέλλουσιν
894 2154 1129 2239 ἐπιφέρεσθαι,
1156 2146 1179 2232 ἢ
1207 2155 1263 2218 καὶ

208 2264 350 2348 ἐπῳδαῖς
363 2258 386 2342 ἢ
401 2259 579 2330 συστάσεσι
592 2265 649 2329 καὶ
664 2259 781 2337 αὐταῖς
798 2265 922 2337 ολκείως
942 2267 1264 2349 παρεσκευασμέναις

280 2504 304 2554 d.
332 2500 506 2573 μιμνομίνοις]
525 2501 561 2554 sic
578 2504 609 2566 A,
635 2506 812 2572 μηνυομένοις
830 2502 863 2566 1),
889 2503 1037 2572 peroptasse
1055 2502 1088 2554 0.
1161 2503 1185 2553 5.
1214 2495 1261 2554 oria

279 2607 330 2641 om.
349 2591 380 2640 Α.
524 2591 549 2641 7.
576 2590 743 2658 ἔξηλλοιμίνης
765 2589 796 2640 Α.
940 2588 965 2638 9.
993 2584 1099 2655 ἐπειδὴ]
1124 2591 1179 2640 ἐπεὶ
1205 2587 1261 2640 ΑΙ).

280 2675 321 2727 12.
349 2671 644 2744 τοτεμίιατοτίδε]
663 2669 793 2737 εἰσῙ),τό
812 2671 1044 2743 septimadas
1064 2674 1091 2725 δὲ
1110 2672 1141 2724 O.
1162 2666 1174 2740 ΙΙ
1194 2674 1262 2742 λαμ-

277 2756 403 2828 βάνουσα
430 2764 457 2813 ολ
482 2757 704 2832 φιιτσμυμοῖιντες
730 2779 781 2811 om.
810 2773 834 2810 et
860 2759 917 2811 add.
945 2758 971 2810 in
999 2778 1075 2825 marg.
1099 2776 1139 2828 pr.
1162 2777 1196 2810 m.
1227 2758 1260 2813 ὓ.

279 2846 378 2899 13.14.
404 2840 503 2914 cipio]
523 2839 607 2915 αὐτὴν
625 2846 658 2899 Ο.
732 2847 773 2898 17.
801 2845 910 2904 οἰκείαις
928 2842 985 2896 CD.

207 3074 309 3129 animae
326 3072 424 3130 adsunt
441 3073 486 3132 rel
503 3094 563 3132 cum
580 3073 669 3131 lumen
687 3072 795 3148 aliquod
807 3073 945 3149 praevium
955 3073 984 3128 in
996 3073 1109 3128 animam
1122 3074 1260 3138 emittunt3

207 3159 257 3216 sed
273 3169 388 3235 atroque
404 3159 484 3216 modo
503 3159 661 3238 separabilis
678 3169 816 3237 permanet
833 3169 890 3214 tam
907 3158 1057 3235 praesentia
1076 3156 1187 3213 deorum
1204 3168 1262 3214 tum

207 3245 353 3302 irradiatio.
400 3266 460 3302 nam
473 3248 585 3302 attentio
598 3245 705 3322 quidem
717 3245 798 3300 animi
809 3254 837 3299 et
848 3246 975 3321 cogitatio
988 3241 1176 3299 animadvertit
1193 3264 1261 3320 qaae

206 3331 282 3399 liunt,
300 3352 360 3388 nam
378 3331 415 3389 ad
429 3332 479 3388 has
497 3334 609 3389 rationis
627 3328 767 3386 facultates
792 3328 882 3386 divina
903 3328 951 3387 lux
972 3347 1026 3382 non
1048 3331 1189 3406 pertingit3
1212 3327 1262 3384 sod

207 3419 314 3472 numine
332 3416 438 3473 afflatur
454 3417 602 3494 phantasia,
622 3437 654 3473 eo
672 3415 746 3492 quod
763 3435 817 3470 non
835 3436 849 3471 a
868 3435 898 3471 se
909 3418 968 3492 ipsa
981 3414 1030 3471 sed
1042 3436 1056 3471 a
1069 3414 1121 3470 diis
1133 3412 1262 3469 evehatur

207 3504 234 3558 in
252 3501 348 3558 modos
365 3502 572 3579 phantasiarum,
590 3511 749 3560 commutata
767 3521 881 3579 prorsus
898 3500 1010 3558 hnmana
1029 3498 1230 3558 consuetudine.

278 3586 502 3662 Quandoquidem
518 3607 586 3645 vero
602 3607 681 3644 omne
699 3589 862 3643 contrarium
883 3596 948 3663 post
968 3588 1141 3644 mutationem
1164 3584 1261 3642 laetam

136 3660 141 3668 ¹
206 3683 235 3729 et
253 3673 295 3728 sai
313 3673 487 3728 inanitionem
504 3671 679 3750 susceptibile
696 3683 740 3729 est
757 3675 885 3730 contrarii
903 3674 955 3739 sui,
973 3681 1001 3728 at
1019 3670 1107 3727 simile
1117 3681 1210 3748 potest
1220 3690 1262 3727 re·

206 3761 297 3836 cipere
316 3755 414 3824 simile,
439 3756 501 3814 ideo
520 3768 695 3846 congmpnter
711 3757 855 3815 illuminati
871 3767 928 3813 tum
945 3755 1070 3813 tenebras
1088 3759 1116 3812 in
1133 3755 1261 3814 auxilium

208 3845 371 3911 adsciscant,
398 3852 455 3898 tum
477 3844 556 3900 etiam
578 3842 665 3900 solem
685 3842 775 3900 lunam
797 3851 825 3898 et
845 3852 877 3898 at
896 3840 981 3898 verbo
999 3841 1085 3898 dicam
1107 3846 1261 3901 nniversam

207 3929 324 3988 aetheris
341 3928 471 4007 fulgorem
488 3929 522 3986 ad
540 3927 745 3990 illustrationem
762 3937 923 3984 mutuantur.

278 4014 431 4092 Aliquando
449 4034 515 4072 rero
532 4014 660 4073 adhibent
677 4013 805 4092 quaedam
823 4013 877 4072 diis
893 4014 1060 4072 insinuandis
1081 4012 1261 4082 accommoda,

208 4111 239 4158 at
256 4103 372 4158 carmina
394 4111 422 4158 et
443 4103 638 4160 incantationes
660 4102 850 4159 convenientes
872 4100 907 4158 ad
927 4100 1137 4180 praeparandum
1158 4107 1262 4175 specta·

149 4233 152 4240 .
210 4185 298 4245 calum
315 4190 482 4267 praesentiae
500 4198 528 4245 et
545 4186 703 4267 epiphaniae
720 4187 839 4247 deorum.
883 4187 1026 4267 aliquando
1043 4185 1177 4244 mediante
1193 4203 1261 4260 aqua
