2776 4876
198 344 252 398 att
1200 341 1255 406 ⁶⁹4

200 502 260 581 τῆς
282 500 373 579 ζωῆς,
395 494 478 584 πρὸς
500 500 663 583 δαίμονας
686 501 730 579 δέ,
752 494 838 565 διότι
859 495 1020 584 σωμάτων
1041 496 1257 594 ἀπρλυθεῖσα

198 606 343 698 χωριστή
364 633 434 685 πως
454 607 609 697 ὑπάρχει·
631 615 715 694 μέση
738 612 772 676 δέ
788 601 873 677 οὖσα
889 608 1087 701 ἀμφοτέρων
1102 608 1258 697 ὑπηρετεῖ

200 725 260 808 μὲν
281 725 329 804 τῷ
351 719 552 810 ἐφεστηκότι,
575 719 758 807 ἐξαγγέλλει
774 724 808 788 δέ
824 733 893 798 τοῖς
908 724 954 787 έτι
974 727 1204 807 κατεχομένοις
1221 726 1258 787 ἐν
1274 734 1291 785 3

201 827 330 917 σάματι
353 827 435 917 άπερ
460 829 479 896 ὁ
501 828 701 919 ἐπιβεβηκὼς
715 827 920 922 προστάττει,
942 829 1054 900 κοινόν
1069 835 1103 899 δέ
1117 829 1258 899 σύνδεσ-

199 967 265 1030 μον
287 941 489 1033 ἀμφοτέροις
511 941 639 1021 τούτοις
661 940 744 1031 πρός
766 941 928 1024 ἀλλήλους
951 945 1072 1010 δίδωσι.
1117 993 1119 996 >

163 1062 183 1120 4
219 1087 221 1094 v
293 1058 350 1121 Aet
368 1056 406 1122 ,δέ
428 1052 596 1138 ἡγεῖσθαι,
625 1053 667 1131 ἀς
689 1058 744 1120 καὶ
768 1053 789 1134 ἡ
808 1060 959 1141 χρωμένη
982 1050 1072 1146 ψυχὴ
1094 1065 1165 1132 τοῖς
1187 1078 1258 1122 τοι·
1276 1070 1293 1121 6

200 1162 309 1243 οάτοις
330 1168 497 1253 μαντείοις
520 1164 578 1231 οὐκ
600 1162 739 1246 ἐπήκοος
754 1161 859 1250 μόνον
874 1169 999 1250 γίνεται
1014 1169 1072 1244 τῆς
1086 1167 1258 1249 μαντείας,

198 1271 289 1342 ἀλλά
310 1279 366 1342 καὶ
389 1274 613 1361 συμβάλλεταί
641 1299 717 1342 τινα
738 1287 860 1365 μοῖραν
882 1275 943 1367 ἀφ’
962 1280 1081 1357 ἐαυτης
1103 1273 1162 1343 οὐκ
1185 1273 1258 1343 ὀλί-

199 1411 263 1474 γην
286 1395 330 1466 είς
353 1383 413 1466 τὴν
436 1386 643 1473 ἀπεργασίαν
666 1386 766 1469 αὐτῆς
795 1381 855 1467 τὴν
878 1390 932 1453 ἐπὶ
959 1389 1024 1454 τῶν
1053 1391 1169 1474 ἐέργων·
1200 1391 1258 1454 καὶ
1277 1397 1296 1448 9

198 1494 264 1588 γάρ
287 1503 498 1588 συντρέπεται
527 1501 582 1564 καὶ
610 1509 757 1583 συνεργεῖ
784 1500 840 1563 καὶ
869 1495 1169 1588 συμπρογιγνάσκει
1200 1494 1259 1563 διά

182 1626 289 1687 ’τινος
311 1610 513 1695 συμπαθοῦς
535 1605 696 1692 ἀνάγκης·
726 1612 797 1677 ἐστὶ
824 1612 884 1694 μὲν
913 1600 1015 1679 οὖνὸ
1045 1607 1168 1695 τρόπος
1195 1612 1258 1692 τῆς

198 1725 357 1806 μαντείας
379 1713 474 1795 οὗτος
496 1721 645 1795 τοιοῦτος
667 1715 776 1799 πάντη
799 1717 971 1801 διεστηκώς
994 1725 1053 1786 τοῦ
1074 1724 1175 1787 θείου
1187 1721 1258 1788 ’καὶ
1278 1728 1310 1779 12

201 1826 370 1910 ἀληθινοῦ
392 1827 525 1915 τρόπον,
553 1832 628 1915 περὶ
651 1832 794 1916 σμικρῶν
816 1854 851 1896 τε
874 1835 929 1896 καὶ
952 1837 1125 1922 ἐφημέρων
1147 1857 1259 1920 πραγ-

198 1937 313 2026 μάτων
341 1937 521 2025 δυνάμενος
548 1943 740 2026 προλέγειν,
759 1943 834 2029 περὶ
864 1943 928 2006 τῶν
950 1949 985 2008 ἐν
1010 1945 1051 2034 τῇ
1080 1946 1258 2035 διῃρημένη

199 2050 298 2143 φάσει
319 2057 480 2137 κειμένων,
504 2046 568 2118 ὅσα
591 2046 654 2132 ἤδη
677 2055 752 2138 περὶ
775 2047 835 2131 τὴν
857 2058 983 2136 γένεσιν
998 2059 1185 2143 ἐμφέρεται,
1208 2079 1258 2122 ιιι·
1277 2069 1308 2118 15

197 2159 308 2243 νήσεις
329 2187 363 2227 τε
386 2161 446 2251 ἀφ’
467 2165 590 2227 ἐαυτῶν
611 2167 745 2248 παρέχει
767 2173 836 2240 τοῖς
859 2165 1052 2248 δυναμένοις
1068 2161 1174 2243 αάτάς
1188 2190 1256 2232 πα-

197 2276 410 2362 ραδέχεσθαι,
432 2277 487 2340 καὶ
509 2269 609 2352 πάθη
631 2276 809 2350 πολυειδῶς
831 2280 959 2358 ἐμποιεῖ
981 2286 1051 2352 τοῖς
1071 2273 1257 2366 πεφυκόσιν

197 2386 385 2465 ἐπιτηδείως
415 2392 458 2462 είς
486 2379 524 2450 τὸ
555 2381 772 2470 συμπάσχειν·
807 2380 862 2450 διά
888 2383 1024 2463 πάθους
1060 2389 1094 2453 δέ
1124 2386 1184 2454 οὐκ
1212 2382 1258 2454 ἀν
1275 2397 1307 2448 18

197 2494 417 2586 παραγένοιτό
438 2521 517 2563 ποτε
540 2493 561 2575 ἡ
584 2497 692 2561 τελεία
706 2493 906 2582 πρόγνωσις·
930 2492 1011 2563 αὐτὸ
1027 2492 1092 2585 γάρ
1107 2496 1256 2582 μάλιστα

269 2635 294 2685 1,
322 2631 473 2702 ἐπιβεβηκῶς
492 2634 525 2687 0.
646 2636 671 2687 5.
700 2637 817 2688 ἐνδίδωσι
836 2634 914 2687 Act).
1041 2639 1065 2688 7.
1094 2640 1202 2697 ἐπίκοος
1222 2639 1253 2689 Α.

270 2720 312 2772 10.
340 2717 594 2791 συμπρογιγνόσκει]
609 2719 649 2770 sie
668 2722 699 2783 A,
727 2720 952 2791 συμπρογινάσκει
972 2721 1004 2774 Ο.
1114 2724 1157 2775 15,
1185 2742 1256 2793 συμ-

268 2811 376 2874 φέρεται
394 2805 448 2858 AC.
525 2807 567 2858 16.
589 2801 690 2872 αὐτοῖς]
708 2805 744 2857 εἰσ
754 2805 798 2870 ΛΟ
809 2806 877 2872 fleg,
896 2803 970 2860 αὐτοὶ
988 2808 1021 2861 0.
1096 2809 1137 2861 16.
1150 2811 1192 2861 17.
1212 2810 1255 2862 δί-

265 2896 367 2956 χεσθαι
387 2890 431 2941 AC
451 2889 510 2953 Reg.

196 3002 280 3060 libera
300 3012 342 3058 est
360 3012 387 3058 et
405 3004 481 3078 quasi
499 3012 620 3079 separata
639 3005 690 3059 iam
706 3007 816 3072 existat3
836 3007 917 3081 igitur
928 3005 1015 3062 media
1027 3009 1098 3064 inter
1109 3016 1254 3083 utrumque

192 3090 383 3148 'subministrat
401 3088 524 3145 daemoni
542 3090 720 3167 praesidenti,
744 3094 917 3168 enuntiatque
939 3093 1091 3148 hominibus
1115 3092 1202 3149 adhuc
1226 3097 1253 3148 in

195 3196 309 3255 corpore
327 3176 443 3233 detentis
461 3175 583 3232 mandata
602 3177 739 3234 daemonis
757 3177 894 3255 praefecti,
913 3178 1034 3254 adeoque
1045 3177 1183 3235 vinculum
1197 3199 1252 3235 mu·

195 3272 271 3319 tuum
289 3266 359 3319 inter
375 3261 426 3318 hos
445 3265 535 3319 nectit.

157 3343 177 3401 4
266 3346 384 3424 θράττει
410 3359 496 3405 antem
523 3350 707 3418 considerare,
741 3350 814 3425 quod
840 3353 926 3406 anima
953 3350 1086 3407 eiusmodi
1114 3351 1252 3407 vaticiniis

193 3444 271 3492 utens
290 3455 344 3491 non
362 3435 450 3492 solum
468 3439 624 3493 vaticinium
642 3435 716 3490 audit
734 3439 893 3514 accipitque,
920 3437 969 3493 sed
987 3441 1067 3493 etiam
1085 3454 1138 3494 non
1153 3457 1253 3513 parum

194 3541 227 3578 ex
244 3541 275 3577 se
292 3523 350 3598 ipsa
369 3521 472 3578 confert
490 3522 525 3577 ad
543 3524 727 3578 executionem
739 3524 796 3578 eius
810 3543 877 3599 quae
890 3522 923 3578 ad
940 3543 1022 3600 opera
1033 3525 1166 3601 pertinet;
1184 3522 1252 3581 haec

193 3607 264 3660 enim
281 3617 465 3663 commovetur
482 3618 509 3662 et
528 3617 688 3684 cooperatur
705 3617 733 3663 et
750 3607 831 3664 simul
848 3607 988 3685 praevidet
998 3629 1048 3686 per
1060 3608 1194 3684 quandam
1206 3629 1253 3666 ne·

192 3693 334 3747 cessariam
352 3693 535 3770 sympathiam.
580 3692 733 3750 huiusmodi
751 3703 838 3749 autem
850 3695 970 3750 vaticinii
983 3694 1079 3750 modus
1091 3694 1252 3771 longissime

193 3776 270 3831 abest
289 3796 303 3831 a
321 3776 411 3834 divino
430 3789 458 3834 et
474 3799 539 3834 vero
557 3783 676 3837 vaticinii
694 3779 788 3849 modo,
812 3790 955 3858 potestque
974 3779 1008 3836 de
1033 3784 1127 3858 paucis
1146 3792 1174 3837 et
1192 3781 1253 3838 vul-

191 3859 299 3938 garibus
317 3862 396 3918 rebus
413 3865 580 3940 praedicere,
605 3866 638 3921 de
656 3868 690 3921 iis
709 3886 805 3943 nempe
828 3887 895 3942 quae
913 3869 941 3922 in
960 3869 1062 3924 naturis
1080 3866 1253 3945 particulari·

190 3947 242 4004 bus
260 3948 359 4013 iacent,
381 3960 574 4026 versanturque
591 3952 677 4008 adhuc
696 3954 767 4008 cirea
785 3955 994 4029 generationem,
1021 3962 1048 4007 et
1065 3964 1156 4010 motus
1177 3975 1251 4011 eom·

186 4035 326 4090 *munioant
344 4033 377 4086 iis
394 4032 474 4089 rebus
493 4056 560 4110 quae
578 4042 716 4116 suscipere
733 4049 857 4116 possunt,
878 4049 905 4095 et
918 4041 1060 4116 passiones
1071 4039 1250 4099 multifariam

190 4118 307 4176 inierunt
322 4119 357 4173 iis
377 4137 445 4194 quae
462 4119 617 4176 naturaliter
633 4122 669 4178 ad
686 4125 900 4203 compatiendum
912 4134 975 4181 sunt
987 4128 1117 4201 exposita.
1168 4130 1250 4203 atqui

190 4206 541 4280 perpessionemnunquam
549 4216 639 4282 potest
647 4209 764 4285 perfecta
775 4213 958 4288 praecognitio
968 4214 1131 4289 contingere.
1169 4213 1248 4290 quod
