<?xml version="1.0" encoding="UTF-8"?>
<!DOCTYPE html PUBLIC "-//W3C//DTD XHTML 1.0 Transitional//EN"
    "http://www.w3.org/TR/xhtml1/DTD/xhtml1-transitional.dtd">
<html xmlns="http://www.w3.org/1999/xhtml" xml:lang="en" lang="en">
 <head>
  <title>
</title>
<meta http-equiv="Content-Type" content="text/html;charset=utf-8" />
  <meta name='ocr-system' content='tesseract 3.04.00' />
  <meta name='ocr-capabilities' content='ocr_page ocr_carea ocr_par ocr_line ocrx_word'/>
</head>
<body>
  <div class='ocr_page' id='page_1' title='image "./jamblichidemyst00jambgoog_0020.png"; bbox 0 0 2776 4876; ppageno 0'>
   <div class='ocr_carea' id='block_1_1' title="bbox 422 358 1217 419">
    <p class='ocr_par' dir='ltr' id='par_1_1' title="bbox 422 358 1217 419">
     <span class='ocr_line' id='line_1_1' title="bbox 422 358 1217 419; baseline 0 -3"><span class='ocrx_word' id='word_1_1' title='bbox 422 359 602 418; x_wconf 71' lang='lat' dir='ltr'>praefationes</span> <span class='ocrx_word' id='word_1_2' title='bbox 620 363 754 418; x_wconf 81' lang='lat' dir='ltr'>versionis</span> <span class='ocrx_word' id='word_1_3' title='bbox 772 360 805 418; x_wconf 86' lang='lat' dir='ltr'>N.</span> <span class='ocrx_word' id='word_1_4' title='bbox 824 358 956 418; x_wconf 85' lang='lat' dir='ltr'>Scutellii.</span> <span class='ocrx_word' id='word_1_5' title='bbox 1150 377 1217 419; x_wconf 81' lang='lat' dir='ltr'>xvir</span> 
     </span>
    </p>
   </div>
   <div class='ocr_carea' id='block_1_2' title="bbox 101 519 1218 3523">
    <p class='ocr_par' dir='ltr' id='par_1_2' title="bbox 101 519 1218 3523">
     <span class='ocr_line' id='line_1_2' title="bbox 158 519 1216 610; baseline 0.002 -24"><span class='ocrx_word' id='word_1_6' title='bbox 158 540 218 587; x_wconf 81' lang='lat' dir='ltr'>vos</span> <span class='ocrx_word' id='word_1_7' title='bbox 249 519 391 586; x_wconf 86' lang='lat' dir='ltr'>revelata</span> <span class='ocrx_word' id='word_1_8' title='bbox 420 533 628 610; x_wconf 80' lang='lat' dir='ltr'>cognoscent.</span> <span class='ocrx_word' id='word_1_9' title='bbox 681 545 791 586; x_wconf 89' lang='lat' dir='ltr'>verum</span> <span class='ocrx_word' id='word_1_10' title='bbox 820 525 944 586; x_wconf 88' lang='lat' dir='ltr'>interea</span> <span class='ocrx_word' id='word_1_11' title='bbox 972 520 1048 586; x_wconf 92' lang='lat' dir='ltr'>dum</span> <span class='ocrx_word' id='word_1_12' title='bbox 1081 544 1216 610; x_wconf 82' lang='lat' dir='ltr'>magnus</span> 
     </span>
     <span class='ocr_line' id='line_1_3' title="bbox 159 634 1216 722; baseline 0.001 -24"><span class='ocrx_word' id='word_1_13' title='bbox 159 636 278 722; x_wconf 88' lang='lat' dir='ltr'><strong>hospes</strong></span> <span class='ocrx_word' id='word_1_14' title='bbox 304 644 413 699; x_wconf 90' lang='lat' dir='ltr'>vester</span> <span class='ocrx_word' id='word_1_15' title='bbox 434 635 632 700; x_wconf 86' lang='lat' dir='ltr'>Jamblichus</span> <span class='ocrx_word' id='word_1_16' title='bbox 661 644 781 699; x_wconf 88' lang='lat' dir='ltr'>mutata</span> <span class='ocrx_word' id='word_1_17' title='bbox 810 634 890 699; x_wconf 82' lang='lat' dir='ltr'>facie</span> <span class='ocrx_word' id='word_1_18' title='bbox 921 644 955 698; x_wconf 90' lang='lat' dir='ltr'>et</span> <span class='ocrx_word' id='word_1_19' title='bbox 980 644 1071 697; x_wconf 85' lang='lat' dir='ltr'>veste</span> <span class='ocrx_word' id='word_1_20' title='bbox 1093 634 1216 699; x_wconf 89' lang='lat' dir='ltr'>ltaliam</span> 
     </span>
     <span class='ocr_line' id='line_1_4' title="bbox 159 744 1218 832; baseline 0 -20"><span class='ocrx_word' id='word_1_21' title='bbox 159 757 250 812; x_wconf 87' lang='lat' dir='ltr'>tenet</span> <span class='ocrx_word' id='word_1_22' title='bbox 280 758 313 811; x_wconf 90' lang='lat' dir='ltr'>et</span> <span class='ocrx_word' id='word_1_23' title='bbox 339 747 449 832; x_wconf 89' lang='lat' dir='ltr'><strong>prodit</strong></span> <span class='ocrx_word' id='word_1_24' title='bbox 475 751 509 812; x_wconf 91' lang='lat' dir='ltr'>in</span> <span class='ocrx_word' id='word_1_25' title='bbox 538 746 718 832; x_wconf 90' lang='lat' dir='ltr'>publicum,</span> <span class='ocrx_word' id='word_1_26' title='bbox 746 749 912 811; x_wconf 90' lang='lat' dir='ltr'>Romanus</span> <span class='ocrx_word' id='word_1_27' title='bbox 938 744 1113 831; x_wconf 88' lang='lat' dir='ltr'>itidemque</span> <span class='ocrx_word' id='word_1_28' title='bbox 1135 747 1218 812; x_wconf 89' lang='lat' dir='ltr'>Ger-</span> 
     </span>
     <span class='ocr_line' id='line_1_5' title="bbox 159 857 1217 944; baseline -0.001 -21"><span class='ocrx_word' id='word_1_29' title='bbox 159 881 271 924; x_wconf 87' lang='lat' dir='ltr'>manus</span> <span class='ocrx_word' id='word_1_30' title='bbox 295 858 411 938; x_wconf 82' lang='lat' dir='ltr'>factus,</span> <span class='ocrx_word' id='word_1_31' title='bbox 434 863 467 924; x_wconf 92' lang='lat' dir='ltr'>in</span> <span class='ocrx_word' id='word_1_32' title='bbox 491 860 593 924; x_wconf 87' lang='lat' dir='ltr'>isthac</span> <span class='ocrx_word' id='word_1_33' title='bbox 615 868 720 923; x_wconf 88' lang='lat' dir='ltr'>vestra</span> <span class='ocrx_word' id='word_1_34' title='bbox 743 861 832 937; x_wconf 89' lang='lat' dir='ltr'>navi,</span> <span class='ocrx_word' id='word_1_35' title='bbox 862 861 895 922; x_wconf 90' lang='lat' dir='ltr'>in</span> <span class='ocrx_word' id='word_1_36' title='bbox 918 879 982 942; x_wconf 88' lang='lat' dir='ltr'>qua</span> <span class='ocrx_word' id='word_1_37' title='bbox 1004 857 1123 923; x_wconf 92' lang='lat' dir='ltr'>sedetis</span> <span class='ocrx_word' id='word_1_38' title='bbox 1145 858 1217 944; x_wconf 91' lang='lat' dir='ltr'>pul-</span> 
     </span>
     <span class='ocr_line' id='line_1_6' title="bbox 161 969 1216 1057; baseline 0.001 -22"><span class='ocrx_word' id='word_1_39' title='bbox 161 972 318 1036; x_wconf 91' lang='lat' dir='ltr'>cherrime</span> <span class='ocrx_word' id='word_1_40' title='bbox 348 975 408 1053; x_wconf 87' lang='lat' dir='ltr'>(ut</span> <span class='ocrx_word' id='word_1_41' title='bbox 437 971 555 1057; x_wconf 91' lang='lat' dir='ltr'>aliquid</span> <span class='ocrx_word' id='word_1_42' title='bbox 585 972 637 1035; x_wconf 94' lang='lat' dir='ltr'>hic</span> <span class='ocrx_word' id='word_1_43' title='bbox 666 969 766 1034; x_wconf 91' lang='lat' dir='ltr'>dicam</span> <span class='ocrx_word' id='word_1_44' title='bbox 796 992 855 1055; x_wconf 91' lang='lat' dir='ltr'>per</span> <span class='ocrx_word' id='word_1_45' title='bbox 883 980 1100 1049; x_wconf 80' lang='lat' dir='ltr'>transennam,</span> <span class='ocrx_word' id='word_1_46' title='bbox 1128 970 1216 1056; x_wconf 92' lang='lat' dir='ltr'>quod</span> 
     </span>
     <span class='ocr_line' id='line_1_7' title="bbox 160 1081 1216 1172; baseline 0 -24"><span class='ocrx_word' id='word_1_47' title='bbox 160 1095 307 1170; x_wconf 87' lang='lat' dir='ltr'>tempora</span> <span class='ocrx_word' id='word_1_48' title='bbox 329 1096 455 1172; x_wconf 79' lang='lat' dir='ltr'>cogunt</span> <span class='ocrx_word' id='word_1_49' title='bbox 476 1095 510 1149; x_wconf 91' lang='lat' dir='ltr'>et</span> <span class='ocrx_word' id='word_1_50' title='bbox 540 1082 609 1148; x_wconf 93' lang='lat' dir='ltr'>dies</span> <span class='ocrx_word' id='word_1_51' title='bbox 631 1083 726 1162; x_wconf 82' lang='lat' dir='ltr'>mali)</span> <span class='ocrx_word' id='word_1_52' title='bbox 754 1081 929 1147; x_wconf 85' lang='lat' dir='ltr'>incumbite</span> <span class='ocrx_word' id='word_1_53' title='bbox 951 1084 1060 1161; x_wconf 91' lang='lat' dir='ltr'>remis,</span> <span class='ocrx_word' id='word_1_54' title='bbox 1088 1093 1216 1148; x_wconf 88' lang='lat' dir='ltr'>movete</span> 
     </span>
     <span class='ocr_line' id='line_1_8' title="bbox 160 1192 1214 1278; baseline -0.001 -18"><span class='ocrx_word' id='word_1_55' title='bbox 160 1195 308 1274; x_wconf 89' lang='lat' dir='ltr'>lacertos,</span> <span class='ocrx_word' id='word_1_56' title='bbox 332 1220 402 1261; x_wconf 93' lang='lat' dir='ltr'>cum</span> <span class='ocrx_word' id='word_1_57' title='bbox 419 1197 522 1262; x_wconf 90' lang='lat' dir='ltr'>Paulo</span> <span class='ocrx_word' id='word_1_58' title='bbox 545 1195 772 1272; x_wconf 89' lang='lat' dir='ltr'>valentissimo,</span> <span class='ocrx_word' id='word_1_59' title='bbox 796 1195 851 1278; x_wconf 91' lang='lat' dir='ltr'>qui</span> <span class='ocrx_word' id='word_1_60' title='bbox 865 1192 962 1258; x_wconf 94' lang='lat' dir='ltr'>hodie</span> <span class='ocrx_word' id='word_1_61' title='bbox 978 1192 1102 1259; x_wconf 86' lang='lat' dir='ltr'>clavum</span> <span class='ocrx_word' id='word_1_62' title='bbox 1118 1204 1214 1274; x_wconf 87' lang='lat' dir='ltr'>tenet,</span> 
     </span>
     <span class='ocr_line' id='line_1_9' title="bbox 161 1305 1212 1396; baseline -0.003 -22"><span class='ocrx_word' id='word_1_63' title='bbox 161 1319 194 1374; x_wconf 93' lang='lat' dir='ltr'>et</span> <span class='ocrx_word' id='word_1_64' title='bbox 214 1319 253 1374; x_wconf 91' lang='lat' dir='ltr'>ut</span> <span class='ocrx_word' id='word_1_65' title='bbox 275 1312 468 1394; x_wconf 91' lang='lat' dir='ltr'>occoepistis</span> <span class='ocrx_word' id='word_1_66' title='bbox 490 1311 625 1396; x_wconf 81' lang='lat' dir='ltr'>pergite,</span> <span class='ocrx_word' id='word_1_67' title='bbox 647 1308 796 1392; x_wconf 79' lang='lat' dir='ltr'>reponite</span> <span class='ocrx_word' id='word_1_68' title='bbox 818 1308 882 1370; x_wconf 89' lang='lat' dir='ltr'>suis</span> <span class='ocrx_word' id='word_1_69' title='bbox 904 1308 938 1370; x_wconf 90' lang='lat' dir='ltr'>in</span> <span class='ocrx_word' id='word_1_70' title='bbox 961 1309 1023 1371; x_wconf 92' lang='lat' dir='ltr'>aris</span> <span class='ocrx_word' id='word_1_71' title='bbox 1040 1305 1212 1386; x_wconf 85' lang='lat' dir='ltr'>Christum,</span> 
     </span>
     <span class='ocr_line' id='line_1_10' title="bbox 161 1417 1216 1498; baseline -0.001 -14"><span class='ocrx_word' id='word_1_72' title='bbox 161 1420 285 1486; x_wconf 92' lang='lat' dir='ltr'>reddite</span> <span class='ocrx_word' id='word_1_73' title='bbox 308 1419 356 1485; x_wconf 90' lang='lat' dir='ltr'>illi</span> <span class='ocrx_word' id='word_1_74' title='bbox 371 1421 584 1498; x_wconf 83' lang='lat' dir='ltr'>Germaniam,</span> <span class='ocrx_word' id='word_1_75' title='bbox 607 1419 697 1483; x_wconf 91' lang='lat' dir='ltr'>illum</span> <span class='ocrx_word' id='word_1_76' title='bbox 713 1419 905 1484; x_wconf 83' lang='lat' dir='ltr'>Germaniae</span> <span class='ocrx_word' id='word_1_77' title='bbox 926 1417 1060 1497; x_wconf 91' lang='lat' dir='ltr'>reddite,</span> <span class='ocrx_word' id='word_1_78' title='bbox 1083 1421 1117 1483; x_wconf 90' lang='lat' dir='ltr'>in</span> <span class='ocrx_word' id='word_1_79' title='bbox 1139 1429 1216 1484; x_wconf 91' lang='lat' dir='ltr'>tem-</span> 
     </span>
     <span class='ocr_line' id='line_1_11' title="bbox 161 1528 1216 1618; baseline 0 -22"><span class='ocrx_word' id='word_1_80' title='bbox 161 1533 233 1618; x_wconf 82' lang='lat' dir='ltr'>plis,</span> <span class='ocrx_word' id='word_1_81' title='bbox 255 1536 288 1597; x_wconf 91' lang='lat' dir='ltr'>in</span> <span class='ocrx_word' id='word_1_82' title='bbox 312 1536 389 1612; x_wconf 90' lang='lat' dir='ltr'>aris,</span> <span class='ocrx_word' id='word_1_83' title='bbox 412 1536 446 1597; x_wconf 92' lang='lat' dir='ltr'>in</span> <span class='ocrx_word' id='word_1_84' title='bbox 469 1530 644 1609; x_wconf 84' lang='lat' dir='ltr'>mentibus,</span> <span class='ocrx_word' id='word_1_85' title='bbox 666 1534 699 1594; x_wconf 93' lang='lat' dir='ltr'>in</span> <span class='ocrx_word' id='word_1_86' title='bbox 722 1530 887 1618; x_wconf 83' lang='lat' dir='ltr'>gentihus,</span> <span class='ocrx_word' id='word_1_87' title='bbox 916 1531 949 1593; x_wconf 91' lang='lat' dir='ltr'>in</span> <span class='ocrx_word' id='word_1_88' title='bbox 972 1528 1123 1596; x_wconf 90' lang='lat' dir='ltr'>cordibus</span> <span class='ocrx_word' id='word_1_89' title='bbox 1146 1535 1216 1596; x_wconf 90' lang='lat' dir='ltr'>uni-</span> 
     </span>
     <span class='ocr_line' id='line_1_12' title="bbox 161 1641 1216 1729; baseline -0.001 -20"><span class='ocrx_word' id='word_1_90' title='bbox 161 1667 342 1710; x_wconf 89' lang='lat' dir='ltr'>versorum:</span> <span class='ocrx_word' id='word_1_91' title='bbox 378 1646 555 1708; x_wconf 86' lang='lat' dir='ltr'>instaurate</span> <span class='ocrx_word' id='word_1_92' title='bbox 584 1641 805 1722; x_wconf 90' lang='lat' dir='ltr'>concordiam,</span> <span class='ocrx_word' id='word_1_93' title='bbox 832 1650 960 1729; x_wconf 82' lang='lat' dir='ltr'>urgete,</span> <span class='ocrx_word' id='word_1_94' title='bbox 989 1652 1023 1707; x_wconf 92' lang='lat' dir='ltr'>et</span> <span class='ocrx_word' id='word_1_95' title='bbox 1051 1641 1216 1708; x_wconf 85' lang='lat' dir='ltr'>cadentem</span> 
     </span>
     <span class='ocr_line' id='line_1_13' title="bbox 161 1753 1216 1845; baseline -0.003 -23"><span class='ocrx_word' id='word_1_96' title='bbox 161 1757 306 1843; x_wconf 88' lang='lat' dir='ltr'>quotidie</span> <span class='ocrx_word' id='word_1_97' title='bbox 330 1759 589 1845; x_wconf 82' lang='lat' dir='ltr'>magisretinete</span> <span class='ocrx_word' id='word_1_98' title='bbox 604 1757 800 1841; x_wconf 89' lang='lat' dir='ltr'>provinciam</span> <span class='ocrx_word' id='word_1_99' title='bbox 822 1756 921 1833; x_wconf 90' lang='lat' dir='ltr'>istam,</span> <span class='ocrx_word' id='word_1_100' title='bbox 944 1753 1086 1840; x_wconf 87' lang='lat' dir='ltr'>alioquin</span> <span class='ocrx_word' id='word_1_101' title='bbox 1100 1765 1216 1819; x_wconf 88' lang='lat' dir='ltr'>natura</span> 
     </span>
     <span class='ocr_line' id='line_1_14' title="bbox 160 1865 1215 1954; baseline -0.004 -20"><span class='ocrx_word' id='word_1_102' title='bbox 160 1869 386 1947; x_wconf 87' lang='lat' dir='ltr'>fidelissimam,</span> <span class='ocrx_word' id='word_1_103' title='bbox 409 1867 528 1932; x_wconf 82' lang='lat' dir='ltr'>efficite</span> <span class='ocrx_word' id='word_1_104' title='bbox 551 1889 612 1954; x_wconf 89' lang='lat' dir='ltr'>pro</span> <span class='ocrx_word' id='word_1_105' title='bbox 634 1867 758 1932; x_wconf 89' lang='lat' dir='ltr'>viribus</span> <span class='ocrx_word' id='word_1_106' title='bbox 780 1888 822 1931; x_wconf 89' lang='lat' dir='ltr'>ne</span> <span class='ocrx_word' id='word_1_107' title='bbox 837 1866 996 1951; x_wconf 68' lang='lat' dir='ltr'>pereffluat</span> <span class='ocrx_word' id='word_1_108' title='bbox 1010 1865 1152 1951; x_wconf 90' lang='lat' dir='ltr'>amplius,</span> <span class='ocrx_word' id='word_1_109' title='bbox 1173 1887 1215 1930; x_wconf 93' lang='lat' dir='ltr'>ne</span> 
     </span>
     <span class='ocr_line' id='line_1_15' title="bbox 159 1979 1215 2067; baseline -0.002 -22"><span class='ocrx_word' id='word_1_110' title='bbox 159 1980 256 2067; x_wconf 90' lang='lat' dir='ltr'>plena</span> <span class='ocrx_word' id='word_1_111' title='bbox 280 1984 426 2045; x_wconf 91' lang='lat' dir='ltr'>rimarum</span> <span class='ocrx_word' id='word_1_112' title='bbox 451 1980 570 2045; x_wconf 91' lang='lat' dir='ltr'>diutius</span> <span class='ocrx_word' id='word_1_113' title='bbox 592 1979 743 2066; x_wconf 86' lang='lat' dir='ltr'>perpluat</span> <span class='ocrx_word' id='word_1_114' title='bbox 768 2001 827 2063; x_wconf 90' lang='lat' dir='ltr'>per</span> <span class='ocrx_word' id='word_1_115' title='bbox 854 1979 1020 2044; x_wconf 87' lang='lat' dir='ltr'>schismata</span> <span class='ocrx_word' id='word_1_116' title='bbox 1048 1979 1215 2043; x_wconf 87' lang='lat' dir='ltr'>haeresum</span> 
     </span>
     <span class='ocr_line' id='line_1_16' title="bbox 161 2089 1215 2178; baseline -0.001 -21"><span class='ocrx_word' id='word_1_117' title='bbox 161 2096 428 2178; x_wconf 89' lang='lat' dir='ltr'>pravissimarum.</span> <span class='ocrx_word' id='word_1_118' title='bbox 476 2114 496 2157; x_wconf 96' lang='lat' dir='ltr'>o</span> <span class='ocrx_word' id='word_1_119' title='bbox 520 2115 587 2157; x_wconf 93' lang='lat' dir='ltr'>rem</span> <span class='ocrx_word' id='word_1_120' title='bbox 610 2095 768 2168; x_wconf 88' lang='lat' dir='ltr'>miseram,</span> <span class='ocrx_word' id='word_1_121' title='bbox 797 2100 929 2154; x_wconf 89' lang='lat' dir='ltr'>ventum</span> <span class='ocrx_word' id='word_1_122' title='bbox 957 2093 1062 2155; x_wconf 89' lang='lat' dir='ltr'>estin</span> <span class='ocrx_word' id='word_1_123' title='bbox 1083 2089 1215 2175; x_wconf 87' lang='lat' dir='ltr'>prolun-</span> 
     </span>
     <span class='ocr_line' id='line_1_17' title="bbox 162 2202 1134 2290; baseline -0.002 -21"><span class='ocrx_word' id='word_1_124' title='bbox 162 2204 253 2269; x_wconf 89' lang='lat' dir='ltr'>dum:</span> <span class='ocrx_word' id='word_1_125' title='bbox 276 2227 350 2269; x_wconf 90' lang='lat' dir='ltr'>nam</span> <span class='ocrx_word' id='word_1_126' title='bbox 372 2204 446 2269; x_wconf 91' lang='lat' dir='ltr'>dum</span> <span class='ocrx_word' id='word_1_127' title='bbox 469 2205 529 2269; x_wconf 89' lang='lat' dir='ltr'>sibi</span> <span class='ocrx_word' id='word_1_128' title='bbox 553 2207 683 2268; x_wconf 92' lang='lat' dir='ltr'>nimium</span> <span class='ocrx_word' id='word_1_129' title='bbox 706 2202 837 2290; x_wconf 87' lang='lat' dir='ltr'>placuit,</span> <span class='ocrx_word' id='word_1_130' title='bbox 861 2203 937 2269; x_wconf 86' lang='lat' dir='ltr'>Deo</span> <span class='ocrx_word' id='word_1_131' title='bbox 961 2202 1134 2290; x_wconf 87' lang='lat' dir='ltr'>displicuit.</span> 
     </span>
     <span class='ocr_line' id='line_1_18' title="bbox 250 2315 1216 2402; baseline -0.002 -21"><span class='ocrx_word' id='word_1_132' title='bbox 250 2316 468 2402; x_wconf 88' lang='lat' dir='ltr'>Quamobrem</span> <span class='ocrx_word' id='word_1_133' title='bbox 496 2324 639 2393; x_wconf 88' lang='lat' dir='ltr'>exorate,</span> <span class='ocrx_word' id='word_1_134' title='bbox 669 2324 871 2399; x_wconf 84' lang='lat' dir='ltr'>extorquete,</span> <span class='ocrx_word' id='word_1_135' title='bbox 900 2326 937 2380; x_wconf 95' lang='lat' dir='ltr'>ut</span> <span class='ocrx_word' id='word_1_136' title='bbox 964 2317 997 2379; x_wconf 93' lang='lat' dir='ltr'>hi</span> <span class='ocrx_word' id='word_1_137' title='bbox 1024 2315 1141 2402; x_wconf 89' lang='lat' dir='ltr'>populi</span> <span class='ocrx_word' id='word_1_138' title='bbox 1167 2336 1216 2379; x_wconf 79' lang='lat' dir='ltr'>re</span> 
     </span>
     <span class='ocr_line' id='line_1_19' title="bbox 162 2424 1216 2513; baseline -0.004 -20"><span class='ocrx_word' id='word_1_139' title='bbox 162 2428 260 2494; x_wconf 88' lang='lat' dir='ltr'>deant</span> <span class='ocrx_word' id='word_1_140' title='bbox 283 2428 324 2492; x_wconf 89' lang='lat' dir='ltr'>ad</span> <span class='ocrx_word' id='word_1_141' title='bbox 347 2431 501 2493; x_wconf 85' lang='lat' dir='ltr'>unitatem</span> <span class='ocrx_word' id='word_1_142' title='bbox 524 2430 655 2513; x_wconf 91' lang='lat' dir='ltr'>spiritus</span> <span class='ocrx_word' id='word_1_143' title='bbox 679 2428 711 2489; x_wconf 90' lang='lat' dir='ltr'>in</span> <span class='ocrx_word' id='word_1_144' title='bbox 734 2424 865 2490; x_wconf 85' lang='lat' dir='ltr'>vinculo</span> <span class='ocrx_word' id='word_1_145' title='bbox 894 2428 994 2512; x_wconf 90' lang='lat' dir='ltr'>pacis,</span> <span class='ocrx_word' id='word_1_146' title='bbox 1023 2449 1065 2491; x_wconf 88' lang='lat' dir='ltr'>ne</span> <span class='ocrx_word' id='word_1_147' title='bbox 1090 2425 1216 2512; x_wconf 74' lang='lat' dir='ltr'>parvuli</span> 
     </span>
     <span class='ocr_line' id='line_1_20' title="bbox 162 2537 1216 2618; baseline -0.002 -14"><span class='ocrx_word' id='word_1_148' title='bbox 162 2543 227 2604; x_wconf 89' lang='lat' dir='ltr'>sint</span> <span class='ocrx_word' id='word_1_149' title='bbox 249 2540 448 2618; x_wconf 86' lang='lat' dir='ltr'>fluctuantes,</span> <span class='ocrx_word' id='word_1_150' title='bbox 479 2549 511 2603; x_wconf 88' lang='lat' dir='ltr'>et</span> <span class='ocrx_word' id='word_1_151' title='bbox 534 2537 797 2603; x_wconf 85' lang='lat' dir='ltr'>circumferantur</span> <span class='ocrx_word' id='word_1_152' title='bbox 819 2539 906 2602; x_wconf 90' lang='lat' dir='ltr'>omni</span> <span class='ocrx_word' id='word_1_153' title='bbox 927 2548 1026 2602; x_wconf 90' lang='lat' dir='ltr'>vento</span> <span class='ocrx_word' id='word_1_154' title='bbox 1050 2537 1216 2603; x_wconf 91' lang='lat' dir='ltr'>doctrinae</span> 
     </span>
     <span class='ocr_line' id='line_1_21' title="bbox 163 2650 1216 2739; baseline 0.002 -26"><span class='ocrx_word' id='word_1_155' title='bbox 163 2650 204 2714; x_wconf 90' lang='lat' dir='ltr'>ad</span> <span class='ocrx_word' id='word_1_156' title='bbox 227 2653 532 2715; x_wconf 86' lang='lat' dir='ltr'>circumventionem</span> <span class='ocrx_word' id='word_1_157' title='bbox 555 2653 674 2714; x_wconf 89' lang='lat' dir='ltr'>erroris</span> <span class='ocrx_word' id='word_1_158' title='bbox 697 2652 730 2713; x_wconf 92' lang='lat' dir='ltr'>in</span> <span class='ocrx_word' id='word_1_159' title='bbox 753 2652 895 2739; x_wconf 85' lang='lat' dir='ltr'>nequitia</span> <span class='ocrx_word' id='word_1_160' title='bbox 925 2661 958 2714; x_wconf 92' lang='lat' dir='ltr'>et</span> <span class='ocrx_word' id='word_1_161' title='bbox 980 2654 1095 2716; x_wconf 86' lang='lat' dir='ltr'>astutia</span> <span class='ocrx_word' id='word_1_162' title='bbox 1116 2652 1216 2716; x_wconf 89' lang='lat' dir='ltr'>homi-</span> 
     </span>
     <span class='ocr_line' id='line_1_22' title="bbox 162 2760 1217 2850; baseline 0.001 -23"><span class='ocrx_word' id='word_1_163' title='bbox 162 2784 247 2827; x_wconf 83' lang='lat' dir='ltr'>num</span> <span class='ocrx_word' id='word_1_164' title='bbox 294 2772 327 2827; x_wconf 91' lang='lat' dir='ltr'>et</span> <span class='ocrx_word' id='word_1_165' title='bbox 349 2760 462 2826; x_wconf 83' lang='lat' dir='ltr'>exinde</span> <span class='ocrx_word' id='word_1_166' title='bbox 478 2761 723 2840; x_wconf 89' lang='lat' dir='ltr'>laureatissimis,</span> <span class='ocrx_word' id='word_1_167' title='bbox 747 2783 767 2825; x_wconf 95' lang='lat' dir='ltr'>o</span> <span class='ocrx_word' id='word_1_168' title='bbox 784 2763 912 2841; x_wconf 86' lang='lat' dir='ltr'>utinam,</span> <span class='ocrx_word' id='word_1_169' title='bbox 934 2764 1019 2827; x_wconf 89' lang='lat' dir='ltr'>hisce</span> <span class='ocrx_word' id='word_1_170' title='bbox 1034 2784 1132 2850; x_wconf 91' lang='lat' dir='ltr'>super</span> <span class='ocrx_word' id='word_1_171' title='bbox 1147 2786 1217 2828; x_wconf 92' lang='lat' dir='ltr'>cur-</span> 
     </span>
     <span class='ocr_line' id='line_1_23' title="bbox 161 2872 1217 2959; baseline 0.002 -21"><span class='ocrx_word' id='word_1_172' title='bbox 161 2875 252 2939; x_wconf 93' lang='lat' dir='ltr'>ribus</span> <span class='ocrx_word' id='word_1_173' title='bbox 273 2877 420 2953; x_wconf 85' lang='lat' dir='ltr'>victores,</span> <span class='ocrx_word' id='word_1_174' title='bbox 444 2878 679 2938; x_wconf 88' lang='lat' dir='ltr'>concomitante</span> <span class='ocrx_word' id='word_1_175' title='bbox 695 2872 884 2953; x_wconf 89' lang='lat' dir='ltr'>Jamblicho,</span> <span class='ocrx_word' id='word_1_176' title='bbox 907 2896 1030 2959; x_wconf 89' lang='lat' dir='ltr'>querna</span> <span class='ocrx_word' id='word_1_177' title='bbox 1051 2877 1144 2939; x_wconf 91' lang='lat' dir='ltr'>etiam</span> <span class='ocrx_word' id='word_1_178' title='bbox 1159 2874 1217 2940; x_wconf 93' lang='lat' dir='ltr'>do-</span> 
     </span>
     <span class='ocr_line' id='line_1_24' title="bbox 101 2986 1217 3073; baseline 0.001 -22"><span class='ocrx_word' id='word_1_179' title='bbox 101 2987 106 2994; x_wconf 81' lang='lat'>&#39;</span> <span class='ocrx_word' id='word_1_180' title='bbox 163 2989 230 3051; x_wconf 87' lang='lat' dir='ltr'>nati</span> <span class='ocrx_word' id='word_1_181' title='bbox 246 2987 290 3051; x_wconf 93' lang='lat' dir='ltr'>ob</span> <span class='ocrx_word' id='word_1_182' title='bbox 307 2995 452 3051; x_wconf 86' lang='lat' dir='ltr'>servatos</span> <span class='ocrx_word' id='word_1_183' title='bbox 468 2989 553 3050; x_wconf 85' lang='lat' dir='ltr'>cives</span> <span class='ocrx_word' id='word_1_184' title='bbox 569 3007 699 3064; x_wconf 90' lang='lat' dir='ltr'>corona,</span> <span class='ocrx_word' id='word_1_185' title='bbox 723 2986 787 3051; x_wconf 90' lang='lat' dir='ltr'>alte</span> <span class='ocrx_word' id='word_1_186' title='bbox 804 2986 1032 3073; x_wconf 91' lang='lat' dir='ltr'>triumphatote</span> <span class='ocrx_word' id='word_1_187' title='bbox 1048 3010 1119 3052; x_wconf 94' lang='lat' dir='ltr'>cum</span> <span class='ocrx_word' id='word_1_188' title='bbox 1135 2986 1217 3054; x_wconf 85' lang='lat' dir='ltr'>Cae-</span> 
     </span>
     <span class='ocr_line' id='line_1_25' title="bbox 163 3096 1217 3187; baseline 0.001 -25"><span class='ocrx_word' id='word_1_189' title='bbox 163 3119 242 3177; x_wconf 91' lang='lat' dir='ltr'>sare,</span> <span class='ocrx_word' id='word_1_190' title='bbox 266 3108 299 3163; x_wconf 93' lang='lat' dir='ltr'>et</span> <span class='ocrx_word' id='word_1_191' title='bbox 320 3108 529 3184; x_wconf 90' lang='lat' dir='ltr'>procuratote</span> <span class='ocrx_word' id='word_1_192' title='bbox 551 3118 592 3161; x_wconf 90' lang='lat' dir='ltr'>ne</span> <span class='ocrx_word' id='word_1_193' title='bbox 616 3096 707 3162; x_wconf 90' lang='lat' dir='ltr'>Pauli</span> <span class='ocrx_word' id='word_1_194' title='bbox 722 3098 768 3162; x_wconf 88' lang='lat'>111</span> <span class='ocrx_word' id='word_1_195' title='bbox 789 3120 906 3177; x_wconf 91' lang='lat' dir='ltr'>manes,</span> <span class='ocrx_word' id='word_1_196' title='bbox 930 3101 1090 3164; x_wconf 88' lang='lat' dir='ltr'>omatoris</span> <span class='ocrx_word' id='word_1_197' title='bbox 1113 3097 1217 3187; x_wconf 84' lang='lat' dir='ltr'>digni-</span> 
     </span>
     <span class='ocr_line' id='line_1_26' title="bbox 164 3212 1216 3296; baseline 0.001 -22"><span class='ocrx_word' id='word_1_198' title='bbox 164 3213 236 3274; x_wconf 87' lang='lat' dir='ltr'>tatis</span> <span class='ocrx_word' id='word_1_199' title='bbox 266 3213 534 3296; x_wconf 91' lang='lat' dir='ltr'>coronatorisque</span> <span class='ocrx_word' id='word_1_200' title='bbox 571 3219 696 3273; x_wconf 88' lang='lat' dir='ltr'>vestrae</span> <span class='ocrx_word' id='word_1_201' title='bbox 725 3212 867 3288; x_wconf 90' lang='lat' dir='ltr'>virtutis,</span> <span class='ocrx_word' id='word_1_202' title='bbox 896 3232 938 3274; x_wconf 92' lang='lat' dir='ltr'>ne</span> <span class='ocrx_word' id='word_1_203' title='bbox 974 3221 1105 3295; x_wconf 89' lang='lat' dir='ltr'>quartus</span> <span class='ocrx_word' id='word_1_204' title='bbox 1140 3213 1216 3275; x_wconf 91' lang='lat' dir='ltr'>item</span> 
     </span>
     <span class='ocr_line' id='line_1_27' title="bbox 163 3321 1216 3408; baseline 0.001 -22"><span class='ocrx_word' id='word_1_205' title='bbox 163 3321 292 3399; x_wconf 84' lang='lat' dir='ltr'>Paulus,</span> <span class='ocrx_word' id='word_1_206' title='bbox 316 3321 356 3385; x_wconf 92' lang='lat' dir='ltr'>de</span> <span class='ocrx_word' id='word_1_207' title='bbox 380 3343 445 3406; x_wconf 93' lang='lat' dir='ltr'>quo</span> <span class='ocrx_word' id='word_1_208' title='bbox 470 3330 556 3386; x_wconf 90' lang='lat' dir='ltr'>tanta</span> <span class='ocrx_word' id='word_1_209' title='bbox 574 3331 751 3405; x_wconf 88' lang='lat' dir='ltr'>sperantur,</span> <span class='ocrx_word' id='word_1_210' title='bbox 774 3325 864 3386; x_wconf 92' lang='lat' dir='ltr'>cuius</span> <span class='ocrx_word' id='word_1_211' title='bbox 879 3321 953 3386; x_wconf 92' lang='lat' dir='ltr'>finis</span> <span class='ocrx_word' id='word_1_212' title='bbox 973 3322 1064 3386; x_wconf 91' lang='lat' dir='ltr'>Deus</span> <span class='ocrx_word' id='word_1_213' title='bbox 1080 3332 1138 3403; x_wconf 91' lang='lat' dir='ltr'>est,</span> <span class='ocrx_word' id='word_1_214' title='bbox 1160 3327 1216 3408; x_wconf 90' lang='lat' dir='ltr'>qui</span> 
     </span>
     <span class='ocr_line' id='line_1_28' title="bbox 164 3432 1217 3523; baseline 0.003 -27"><span class='ocrx_word' id='word_1_215' title='bbox 164 3442 251 3496; x_wconf 90' lang='lat' dir='ltr'>tanta</span> <span class='ocrx_word' id='word_1_216' title='bbox 273 3436 478 3519; x_wconf 88' lang='lat' dir='ltr'>prosequitur</span> <span class='ocrx_word' id='word_1_217' title='bbox 501 3433 653 3496; x_wconf 89' lang='lat' dir='ltr'>charitate</span> <span class='ocrx_word' id='word_1_218' title='bbox 677 3432 888 3513; x_wconf 86' lang='lat' dir='ltr'>Germaniam,</span> <span class='ocrx_word' id='word_1_219' title='bbox 916 3443 952 3498; x_wconf 91' lang='lat' dir='ltr'>ut</span> <span class='ocrx_word' id='word_1_220' title='bbox 973 3432 1019 3497; x_wconf 90' lang='lat' dir='ltr'>nil</span> <span class='ocrx_word' id='word_1_221' title='bbox 1041 3433 1106 3499; x_wconf 90' lang='lat' dir='ltr'>tale</span> <span class='ocrx_word' id='word_1_222' title='bbox 1128 3439 1217 3523; x_wconf 82' lang='lat' dir='ltr'>cogi-</span> 
     </span>
    </p>
   </div>
   <div class='ocr_carea' id='block_1_3' title="bbox 165 3543 1319 3632">
    <p class='ocr_par' dir='ltr' id='par_1_3' title="bbox 165 3543 1319 3632">
     <span class='ocr_line' id='line_1_29' title="bbox 165 3543 1319 3632; baseline 0.002 -24"><span class='ocrx_word' id='word_1_223' title='bbox 165 3553 283 3608; x_wconf 86' lang='lat' dir='ltr'>tantem</span> <span class='ocrx_word' id='word_1_224' title='bbox 304 3545 465 3609; x_wconf 90' lang='lat' dir='ltr'>hominem</span> <span class='ocrx_word' id='word_1_225' title='bbox 481 3543 533 3608; x_wconf 93' lang='lat' dir='ltr'>dei</span> <span class='ocrx_word' id='word_1_226' title='bbox 550 3543 757 3630; x_wconf 89' lang='lat' dir='ltr'>Gropperum</span> <span class='ocrx_word' id='word_1_227' title='bbox 770 3547 931 3609; x_wconf 62' lang='lat' dir='ltr'>«loannem</span> <span class='ocrx_word' id='word_1_228' title='bbox 949 3549 1073 3611; x_wconf 89' lang='lat' dir='ltr'>vocarit</span> <span class='ocrx_word' id='word_1_229' title='bbox 1087 3545 1127 3610; x_wconf 89' lang='lat' dir='ltr'>ad</span> <span class='ocrx_word' id='word_1_230' title='bbox 1142 3571 1217 3632; x_wconf 91' lang='lat' dir='ltr'>pur·</span> <span class='ocrx_word' id='word_1_231' title='bbox 1317 3606 1319 3610; x_wconf 87' lang='lat'>.</span> 
     </span>
    </p>
   </div>
   <div class='ocr_carea' id='block_1_4' title="bbox 163 3655 1218 4390">
    <p class='ocr_par' dir='ltr' id='par_1_4' title="bbox 163 3655 1218 4280">
     <span class='ocr_line' id='line_1_30' title="bbox 163 3655 1217 3742; baseline 0.006 -24"><span class='ocrx_word' id='word_1_232' title='bbox 163 3677 291 3741; x_wconf 82' lang='lat' dir='ltr'>puram3</span> <span class='ocrx_word' id='word_1_233' title='bbox 315 3655 576 3734; x_wconf 89' lang='lat' dir='ltr'>animadvertote‚</span> <span class='ocrx_word' id='word_1_234' title='bbox 599 3659 734 3742; x_wconf 89' lang='lat' dir='ltr'>inquam,</span> <span class='ocrx_word' id='word_1_235' title='bbox 750 3678 793 3721; x_wconf 94' lang='lat' dir='ltr'>ne</span> <span class='ocrx_word' id='word_1_236' title='bbox 808 3656 951 3734; x_wconf 92' lang='lat' dir='ltr'>ecclesia,</span> <span class='ocrx_word' id='word_1_237' title='bbox 967 3679 1051 3742; x_wconf 87' lang='lat' dir='ltr'>quae</span> <span class='ocrx_word' id='word_1_238' title='bbox 1065 3679 1125 3724; x_wconf 88' lang='lat' dir='ltr'>vos</span> <span class='ocrx_word' id='word_1_239' title='bbox 1139 3681 1217 3725; x_wconf 89' lang='lat' dir='ltr'>suos</span> 
     </span>
     <span class='ocr_line' id='line_1_31' title="bbox 163 3768 1217 3853; baseline 0.006 -23"><span class='ocrx_word' id='word_1_240' title='bbox 163 3777 318 3846; x_wconf 89' lang='lat' dir='ltr'>numerat,</span> <span class='ocrx_word' id='word_1_241' title='bbox 341 3789 382 3832; x_wconf 92' lang='lat' dir='ltr'>ne</span> <span class='ocrx_word' id='word_1_242' title='bbox 398 3789 479 3853; x_wconf 87' lang='lat' dir='ltr'>resp.</span> <span class='ocrx_word' id='word_1_243' title='bbox 503 3789 586 3852; x_wconf 90' lang='lat' dir='ltr'>quae</span> <span class='ocrx_word' id='word_1_244' title='bbox 601 3771 715 3833; x_wconf 88' lang='lat' dir='ltr'>misere</span> <span class='ocrx_word' id='word_1_245' title='bbox 729 3777 830 3846; x_wconf 91' lang='lat' dir='ltr'>nutat,</span> <span class='ocrx_word' id='word_1_246' title='bbox 853 3771 887 3831; x_wconf 92' lang='lat' dir='ltr'>in</span> <span class='ocrx_word' id='word_1_247' title='bbox 902 3768 994 3833; x_wconf 92' lang='lat' dir='ltr'>vobis</span> <span class='ocrx_word' id='word_1_248' title='bbox 1010 3770 1217 3836; x_wconf 90' lang='lat' dir='ltr'>cardinalium</span> 
     </span>
     <span class='ocr_line' id='line_1_32' title="bbox 165 3876 1217 3959; baseline 0.006 -17"><span class='ocrx_word' id='word_1_249' title='bbox 165 3876 397 3959; x_wconf 89' lang='lat' dir='ltr'>celsitudinem,</span> <span class='ocrx_word' id='word_1_250' title='bbox 420 3901 461 3942; x_wconf 90' lang='lat' dir='ltr'>ne</span> <span class='ocrx_word' id='word_1_251' title='bbox 478 3877 642 3942; x_wconf 82' lang='lat' dir='ltr'>Alemania</span> <span class='ocrx_word' id='word_1_252' title='bbox 664 3877 857 3943; x_wconf 90' lang='lat' dir='ltr'>benevolum</span> <span class='ocrx_word' id='word_1_253' title='bbox 880 3881 1016 3944; x_wconf 92' lang='lat' dir='ltr'>animum</span> <span class='ocrx_word' id='word_1_254' title='bbox 1038 3903 1076 3946; x_wconf 91' lang='lat' dir='ltr'>ac</span> <span class='ocrx_word' id='word_1_255' title='bbox 1089 3881 1217 3948; x_wconf 87' lang='lat' dir='ltr'>fidelem</span> 
     </span>
     <span class='ocr_line' id='line_1_33' title="bbox 163 3989 1216 4078; baseline 0.002 -22"><span class='ocrx_word' id='word_1_256' title='bbox 163 4001 331 4076; x_wconf 89' lang='lat' dir='ltr'>pastorum</span> <span class='ocrx_word' id='word_1_257' title='bbox 354 4013 484 4056; x_wconf 89' lang='lat' dir='ltr'>suorum</span> <span class='ocrx_word' id='word_1_258' title='bbox 514 3989 711 4077; x_wconf 81' lang='lat' dir='ltr'>diligentiam</span> <span class='ocrx_word' id='word_1_259' title='bbox 733 3989 1019 4078; x_wconf 82' lang='lat' dir='ltr'>fortitudinemque</span> <span class='ocrx_word' id='word_1_260' title='bbox 1042 3993 1216 4070; x_wconf 58' lang='lat' dir='ltr'>desiderem</span> 
     </span>
     <span class='ocr_line' id='line_1_34' title="bbox 165 4100 1218 4190; baseline 0.005 -25"><span class='ocrx_word' id='word_1_261' title='bbox 165 4101 254 4186; x_wconf 91' lang='lat' dir='ltr'>quod</span> <span class='ocrx_word' id='word_1_262' title='bbox 277 4103 344 4167; x_wconf 91' lang='lat' dir='ltr'>scio</span> <span class='ocrx_word' id='word_1_263' title='bbox 368 4112 456 4166; x_wconf 90' lang='lat' dir='ltr'>certe</span> <span class='ocrx_word' id='word_1_264' title='bbox 478 4100 595 4179; x_wconf 82' lang='lat' dir='ltr'>facitis,</span> <span class='ocrx_word' id='word_1_265' title='bbox 626 4123 662 4164; x_wconf 89' lang='lat' dir='ltr'>ea</span> <span class='ocrx_word' id='word_1_266' title='bbox 684 4114 790 4167; x_wconf 84' lang='lat' dir='ltr'>vestra</span> <span class='ocrx_word' id='word_1_267' title='bbox 819 4113 869 4168; x_wconf 92' lang='lat' dir='ltr'>est</span> <span class='ocrx_word' id='word_1_268' title='bbox 896 4108 1051 4189; x_wconf 89' lang='lat' dir='ltr'>sapientia</span> <span class='ocrx_word' id='word_1_269' title='bbox 1072 4105 1218 4190; x_wconf 90' lang='lat' dir='ltr'>probitas</span> 
     </span>
     <span class='ocr_line' id='line_1_35' title="bbox 165 4211 429 4280; baseline 0.004 -4"><span class='ocrx_word' id='word_1_270' title='bbox 165 4211 314 4280; x_wconf 89' lang='lat' dir='ltr'>doctrina</span> <span class='ocrx_word' id='word_1_271' title='bbox 336 4212 429 4277; x_wconf 90' lang='lat' dir='ltr'>fides.</span> 
     </span>
    </p>

    <p class='ocr_par' dir='ltr' id='par_1_5' title="bbox 1035 4343 1052 4390">
     <span class='ocr_line' id='line_1_36' title="bbox 1035 4343 1052 4390; baseline 0 0"><span class='ocrx_word' id='word_1_272' title='bbox 1035 4343 1052 4390; x_wconf 92' lang='lat' dir='ltr'>h</span> 
     </span>
    </p>
   </div>
   <div class='ocr_carea' id='block_1_5' title="bbox 0 0 1397 4876">
    <p class='ocr_par' dir='ltr' id='par_1_6' title="bbox 0 0 1397 4876">
     <span class='ocr_line' id='line_1_37' title="bbox 0 0 1397 4876; baseline 0 0"><span class='ocrx_word' id='word_1_273' title='bbox 0 0 1397 4876; x_wconf 95' lang='lat' dir='ltr'> </span> 
     </span>
    </p>
   </div>
  </div>
 </body>
</html>
