2776 4876
221 344 275 398 2⁴⁰
1206 331 1279 395 ΜΒ

222 500 365 566 κειοῦται
375 503 445 570 τοῖς
458 495 569 574 θεοῖς,·
587 489 659 558 τότε
674 484 814 575 ἀγαθὸν
829 486 932 567 αὐτῆς
946 485 989 564 ὡς
1003 482 1166 553 τοσοῦτόν
1179 493 1279 565 ἐστιν,

223 608 304 676 ὅσον
326 600 393 672 ἀπὸ
408 608 473 670 τῶν
488 605 726 689 δημιουργικῶν
741 604 857 668 αίτίυν
878 602 1128 682 καταπίμπεται
1149 605 1195 677 είς
1217 597 1279 664 άν-

221 717 389 807 θράπους.
412 719 468 782 καὶ
482 710 548 800 μὴν
563 713 621 780 ἀπ’
637 716 761 781 ἐκείνου
775 735 811 796 γε
826 702 931 789 αὖθις
944 706 983 776 τὸ
996 711 1062 777 τῶν
1075 708 1177 795 εὐχῶν
1192 708 1279 776 ἀνα·
1297 725 1313 776 3

221 825 330 916 γωγὸν
351 831 408 894 καὶ
429 821 656 912 τελεσιουργὸν
677 827 734 891 καὶ
760 815 1034 908 σἰποπληρωτικόν
1053 822 1200 902 ,ἔκδηλον
1226 825 1280 905 γε’·

221 965 321 1019 νεται,
343 941 412 1016 πῶς
433 943 493 1023 μὲν
515 935 717 1024 δραστήριον
737 940 805 1012 πῶς
827 937 862 1001 δὲ
885 933 1055 1016 ἡνωμένον
1075 937 1281 1011 ἐπιτελεῖται,

222 1055 290 1130 πῶς
313 1054 347 1118 δὲ
369 1054 433 1136 ίχει
455 1047 515 1115 τόν
538 1047 748 1131 ίνδιὸόμενον
770 1042 837 1112 ἀπὸ
859 1049 926 1111 τῶν
948 1047 1041 1110 θεῶν
1065 1038 1178 1110 κοινὸν
1199 1040 1315 1112 oda-6

223 1157 425 1248 δεσμου·τὸ
449 1165 560 1249 τρίτον
583 1163 702 1238 τοίνυν,
732 1157 776 1235 ὡς
798 1153 899 1247 άμφιο
923 1155 965 1223 δι’
985 1154 1139 1237 ἀλλήλων
1161 1156 1280 1240 βεβαι·

224 1279 329 1354 οῦται,
349 1276 405 1340 καί
421 1270 560 1356 δύναμιν
575 1273 749 1351 ἐντίθησιν
765 1275 808 1347 εις
823 1264 952 1348 ἄλληλα
968 1266 1136 1351 ἁγιστείας
1151 1268 1282 1331 τελείαν

223 1382 399 1476 ίερατικήν,
420 1385 543 1470 ῥᾳδίως
558 1379 601 1447 ἄν
615 1405 664 1458 τις
679 1375 747 1447 ἀπὸ
761 1384 827 1446 τῶν
842 1385 1019 1466 είρημίνωυ
1032 1375 1258 1458 κατανοήσειε.
1300 1391 1318 1441 ε

314 1493 436 1584 Διόπερ
458 1491 499 1574 δὴ
522 1492 565 1560 δι’
585 1490 671 1560 ὅλων
693 1499 850 1581 φαίνεται
878 1495 937 1572 τῆς
958 1492 1123 1578 ἱερατικῆς
1147 1488 1282 1573 ἀναγω-

224 1609 286 1692 γῆς
308 1607 330 1689 ἡ
352 1609 446 1673 πάσα
468 1602 635 1690 σύμπνοια
656 1607 712 1670 καί
735 1608 904 1691 συνίργεια
926 1598 1010 1689 πρὸς
1031 1597 1166 1680 ἑαυτήν,
1195 1596 1283 1679 ζάου

224 1715 351 1795 παντὸς
372 1722 500 1803 μᾶλλον
515 1718 651 1800 συμφυῆ
673 1709 714 1781 τά
729 1712 832 1803 μόρια
846 1718 965 1795 ἑαυτῆς
978 1709 1172 1780 παντάπασι
1193 1707 1283 1776 κατά
1301 1718 1334 1770 12

226 1836 309 1914 μίαν
332 1835 500 1914 συνέχειαν
522 1823 742 1904 συνάπτουσα,
765 1817 805 1905 ἦς
827 1824 981 1892 οὐδέποτε
1005 1827 1054 1891 δεῖ
1075 1825 1284 1906 καταμελεῖν,

226 1939 301 2006 οὐδὲ
323 1936 366 2006 τὰ
388 1938 492 2022 ἡμίση
514 1943 598 2024 μέρη
620 1933 723 2016 αὐτῆς
745 1941 955 2022 ἐγκρίνοντας
975 1928 1018 2001 τά
1041 1930 1128 2001 ἄλλα
1151 1932 1282 1999 ἀποδο-

225 2048 388 2134 κιμάζειν·
418 2049 541 2135 ὁμοίως
563 2050 598 2113 δὲ
619 2048 722 2113 πᾶσιν
751 2044 1017 2131 ἐγγυμνάζεσθαι
1044 2049 1101 2112 καὶ
1131 2044 1173 2112 δι’
1195 2042 1284 2112 ὅλων
1302 2058 1334 2109 ιι

226 2161 336 2228 αὐτῶν
360 2163 573 2227 τελειοῦσθαι
598 2154 663 2245 χρη
691 2154 769 2235 τοὺς
796 2159 978 2236 ἐθέλοντας
1006 2160 1183 2244 είλικρινῶς
1213 2168 1285 2234 τοῖς

226 2276 324 2352 θεοῖς
345 2269 584 2340 συνάπτεσθαι.

298 2469 322 2518 3.
350 2460 418 2532 εἶπ’]
439 2462 479 2518 ἐπ’
500 2467 534 2519 D.
607 2468 630 2518 3.
641 2466 664 2517 d.
694 2459 830 2532 ἅναγοιγὸν
849 2465 882 2515 Ι).
954 2463 979 2516 4.
1006 2462 1127 2532 ἔκδηλον]
1146 2462 1183 2515 εἰσ
1196 2463 1284 2515 Fesch.

297 2552 368 2618 neg„
395 2547 502 2620 εὔθηλον
522 2550 601 2614 Aci),
628 2547 736 2618 εὔλογον
756 2549 788 2602 0,
912 2550 936 2601 8.
965 2547 1117 2616 ἐκτίθησιν]
1135 2554 1231 2603 ἔκτισιν
1251 2550 1283 2600 Ι).

299 2639 340 2691 14.
366 2636 510 2708 ἡμισεμίρη
531 2637 561 2688 Β.
634 2639 675 2688 15.
704 2633 796 2689 πᾶσαν
815 2637 848 2689 0.
923 2637 964 2689 16.
991 2633 1128 2707 εἰλικρινῶς
1147 2636 1182 2688 Ι).

228 2822 450 2885 coniunctionem,
470 2819 686 2896 quandoquidem
703 2840 752 2897 per
764 2839 845 2897 opera
858 2818 910 2875 diis
922 2819 1145 2875 accommodatur.
1192 2821 1284 2896 itaque

231 2914 259 2960 et
276 2906 375 2960 bonnm
395 2906 452 2958 eius
470 2914 572 2960 tantum
590 2915 639 2972 est,
660 2915 787 2981 quantum
805 2926 819 2959 a
838 2907 925 2961 causis
939 2904 1081 2983 opificibus
1094 2905 1128 2961 ad
1140 2925 1225 2982 genus
1238 2906 1285 2961 hu·

228 3010 334 3046 manum
352 2992 473 3045 mittitur.
522 2999 601 3066 atque
618 2992 681 3047 inde
699 3011 792 3048 rursus
811 3001 920 3068 apparet
943 2994 1028 3047 virtus
1052 2993 1182 3047 orationis
1206 2991 1285 3047 redu-

226 3079 298 3134 ctiva
315 3075 462 3154 perfectiva
480 3075 629 3154 impletim3
647 3081 727 3134 etiam
746 3098 797 3155 qua
815 3079 919 3133 rationo
936 3087 991 3134 tam
1008 3075 1103 3133 efficax
1121 3087 1211 3132 estet
1228 3077 1286 3132 uni·

227 3166 282 3220 tiva
301 3162 404 3230 eradat,
427 3172 454 3218 et
472 3164 606 3238 quomodo
625 3185 639 3219 a
659 3165 711 3221 diis
729 3164 842 3221 inditum
861 3162 958 3219 habeat
975 3182 1116 3219 commune
1137 3161 1284 3220 vinculum.

227 3249 326 3306 deinde
344 3260 371 3306 et
388 3251 497 3306 tertium
514 3249 580 3307 illud
593 3250 670 3308 facile
683 3255 743 3328 quis
755 3253 844 3328 possit
861 3249 1018 3326 intelligere,
1038 3249 1175 3325 quomodo
1186 3269 1286 3328 nempe

228 3339 314 3392 oratio
333 3345 360 3393 et
378 3337 538 3393 sacrificium
557 3348 649 3394 mutuo
667 3358 697 3394 sc
710 3338 893 3404 corroborent,
912 3337 1020 3412 cibique
1035 3339 1286 3392 communicentre·

227 3422 335 3501 iigionis
353 3425 410 3479 vim
426 3443 530 3480 sacram
548 3434 575 3480 et
592 3423 743 3502 perfectam.

298 3509 524 3585 Quandoquidem
545 3513 627 3587 igitur
648 3508 822 3567 sacerdotalis
845 3507 1004 3586 disciplinae
1027 3529 1058 3564 ea
1080 3511 1117 3563 sit
1138 3510 1285 3564 consensio

228 3596 334 3671 sibique
346 3599 528 3664 consonantia,
547 3607 577 3652 ut
589 3599 672 3673 magis
685 3599 781 3672 quovis
793 3594 900 3651 animali
913 3614 961 3650 aua
972 3595 1026 3651 sibi
1038 3596 1153 3650 invicem
1164 3594 1286 3650 membra

226 3699 279 3758 per
296 3700 375 3737 unam
393 3685 586 3740 connexionem
603 3686 714 3739 omnino
732 3685 890 3739 concinnata
907 3680 1013 3748 habeat,
1031 3699 1111 3757 quam
1128 3681 1287 3737 consensio·

227 3785 290 3822 nem
307 3786 362 3823 non
379 3779 488 3847 oportet
505 3779 684 3838 contemnere,
702 3788 753 3824 nec
771 3771 828 3824 eius
841 3767 944 3844 aliqum
956 3778 1046 3846 partes
1058 3767 1203 3824 admittere
1219 3765 1288 3823 alias

228 3853 386 3931 reprobare;
410 3856 459 3911 sed
477 3866 548 3913 totas
572 3855 652 3913 simul
670 3872 796 3912 exercere
814 3865 841 3910 et
859 3875 909 3933 per
926 3857 1014 3911 omnia
1032 3854 1128 3932 perfici
1144 3853 1289 3910 deooteoa

228 3941 275 4016 qui
292 3941 405 4016 cupiunt
422 3941 474 3999 diis
494 3945 598 4000 sincere
616 3943 749 4017 coniungi.
