2776 4876
205 374 274 436 &2³
1208 369 1261 424 15⁵

295 531 343 592 At
368 525 397 590 δ’
417 529 469 590 ἐπὶ
492 527 568 615 τῇδε
592 520 776 600 ἐπιστάσεις
805 525 988 610 ἀνάγονται
1010 529 1071 609 μὲν
1092 521 1195 603 addaiu
1218 525 1261 603 ὡς
1278 539 1318 598 23

207 635 419 718 διστάζουσαι
442 639 516 721 περὶ
539 638 598 702 τοῦ
619 631 744 722 τρόπον
766 638 824 714 τῆς
846 640 1011 724 μαντείας,
1034 639 1211 725 προϊοῦσαι
1226 639 1261 703 δὲ

172 763 187 815 3
207 748 401 837 ἀνατρέπειν
423 742 527 827 αὐτὴν
550 749 717 824 παντελῶς
739 752 944 836 ἐπιχειροῦσι.
991 745 1178 833 διελώμεθα
1202 738 1261 812 οὖν

205 862 260 925 καὶ
283 857 378 942 ἡμεῖς
399 854 460 924 τὸν
481 855 581 941 λόγον
609 854 692 942 πρὸς
714 856 890 948 ἀμφότερα
916 861 1033 925 ταῦτα.
1079 855 1261 943 ἀρξώμεθα

207 973 241 1037 δὲ
264 966 407 1036 διαλύειν
429 972 560 1054 πρῶτον
582 963 625 1035 τά
647 967 808 1058 πρότερα·
838 966 923 1036 κατά
946 965 1010 1057 γάρ
1036 966 1113 1046 τοὺς
1140 964 1262 1045 ὕπνους

172 1102 188 1150 ε
206 1083 308 1167 μηδὲν
329 1077 662 1167 πραγματευσάμενοι
683 1082 786 1147 tolero
802 1084 848 1165 τῷ
861 1084 1012 1166 μέλλοντι
1035 1077 1263 1166 έπιβάλλομεν,

206 1197 261 1258 καὶ
289 1188 623 1278 πραγματευσάμενοι
651 1188 809 1269 πολλάκις
839 1190 898 1258 οὐκ
928 1188 1157 1276 έπιβάλλομεν.
1203 1188 1262 1276 οὐχ

209 1300 262 1369 ὅτι
285 1302 319 1382 ἐξ
340 1301 435 1388 ἡμῶν
457 1327 491 1368 τε
513 1306 568 1369 καὶ
592 1300 718 1381 ἔξωθέν
741 1308 809 1368 ἐστι
831 1298 870 1369 τὸ
892 1301 999 1369 αἴτιον
1013 1305 1073 1384 τῆς
1086 1304 1261 1388 μαντικῆς·

173 1413 259 1503 ttp'
278 1406 324 1480 ὧν
345 1409 410 1498 γάρ
434 1411 570 1501 ὥρισται
590 1409 629 1479 τά
652 1411 713 1502 ἀφ’
735 1413 828 1499 ἡμῶν
851 1411 1082 1500 προκατάρχον
1105 1417 1160 1479 καὶ
1185 1435 1260 1480 συν-

208 1523 368 1609 επόμενον
389 1521 457 1591 ἀπὸ
480 1528 545 1590 τῶν
568 1523 708 1604 ἔξωθεν,
739 1522 894 1604 σύνταξίν
923 1549 957 1591 τε
985 1528 1091 1591 ταῦτα
1120 1527 1263 1611 συμπλε-

206 1641 346 1720 κομένην
368 1639 432 1722 έχει
452 1630 535 1722 πρὸς
551 1632 687 1716 ἀλληλα,
711 1634 896 1722 ὡρισμένως
911 1639 964 1701 ἐπὶ
986 1633 1111 1702 τούτων
1126 1631 1168 1701 τά
1183 1639 1262 1722 έργα

156 1757 190 1808 12
207 1748 412 1825 ἐπιτελεῖται,
441 1751 497 1814 καὶ
527 1753 699 1813 συνέπεται
727 1757 797 1822 τοῖς
825 1752 1084 1832 προηγουμένοις
1106 1741 1149 1810 τά
1178 1741 1262 1832 πράς

208 1853 293 1924 αάτά
316 1862 560 1945 σννηρτημένα·
589 1854 672 1924 ὅταν
688 1859 736 1922 di
766 1856 1010 1943 ἀπολελυμένον
1038 1848 1058 1947 ᾖ
1089 1853 1125 1922 τὸ
1155 1856 1263 1923 αἴτιον

207 1967 291 2034 καθ’
311 1965 409 2036 ἑαυτά
432 1965 655 2054 προϋπάρχον,
683 1967 742 2053 οὐχ
765 1965 902 2055 ὥρισται
923 1963 962 2032 sd
986 1967 1079 2045 τέλος
1101 1966 1154 2056 ἐφ’
1175 1968 1263 2052 ἡμῖν,

156 2099 189 2148 15
207 2080 245 2146 τὸ
268 2082 303 2146 δὲ
327 2084 395 2145 πᾶν
425 2081 478 2143 ἐπὶ
507 2088 577 2155 τοῖς
606 2075 699 2156 ἐκτὸς
728 2090 841 2145 κεῖται.
885 2081 940 2143 καὶ
969 2080 1029 2144 νῦν
1059 2069 1120 2143 οὖν
1147 2073 1186 2144 τὸ
1215 2073 1261 2161 μὴ

207 2189 337 2267 πάντας
357 2201 427 2266 τοῖς
448 2186 618 2273 ἡμετέροις
639 2193 746 2274 ἔργοις
768 2193 952 2276 συντρέχειν
967 2183 1029 2269 τὴν
1044 2193 1078 2254 ἐν
1093 2199 1163 2265 τοῖς
1178 2187 1262 2253 dual-

208 2326 278 2389 ροις
300 2296 468 2382 ἀλήθειαν
489 2303 545 2365 καὶ
560 2295 598 2365 τὸ
621 2299 778 2376 πολλάκις
801 2293 904 2378 αὐτὴν
929 2296 989 2388 ἀφ’
1009 2302 1128 2378 ἑαυτῆς
1142 2296 1262 2383 έλλάμ-

156 2431 189 2482 18
208 2437 288 2492 πειν,
311 2411 437 2492 έξοιθέν
459 2434 493 2475 τε
516 2412 677 2477 δείκνυσιν
699 2406 766 2475 ἀπὸ
790 2411 882 2475 θεῶν
905 2399 1011 2475 οὖσαν
1027 2404 1087 2488 τὴν
1102 2413 1262 2494 μαντείαν

278 2611 304 2661 4.
332 2603 474 2678 ἀρξόμεθα
491 2605 524 2658 l).
646 2609 671 2657 7.
698 2608 743 2658 καὶ
761 2603 1261 2677 πραγματευσάμενοι-έπιβάλλομεν]

279 2693 313 2745 sic
333 2693 403 2745 ACD
423 2693 517 2753 Βοιώ,
543 2712 593 2743 orn.
614 2694 647 2745 0.
794 2694 835 2746 14.
860 2690 937 2763 ἡμῖν]
956 2692 991 2744 sic
1009 2693 1055 2744 cl)
1075 2705 1098 2743 et
1116 2691 1181 2742 Gale
1198 2704 1263 2754 ποις

277 2777 348 2850 ἡμῶν
367 2778 399 2831 0.
472 2781 514 2830 15.
543 2775 612 2844 πᾶν]
632 2782 712 2849 πέρας
732 2780 764 2844 Α,
794 2780 852 2849 περὶ
870 2779 900 2830 C.
973 2781 1014 2830 17.
1043 2773 1106 2848 ἀφ’]
1125 2772 1168 2846 ἐφ’
1188 2777 1221 2828 D.

278 2945 439 3021 Argumenta
463 2953 550 3000 autern
572 2964 639 3020 quae
660 2943 774 3021 posthae
802 2942 853 3000 hue
877 2944 1024 3001 afferuntur
1045 2947 1131 3023 prima
1155 2944 1263 3019 quidem
1280 2946 1320 3006 23

208 3030 296 3086 fronte
313 3030 487 3087 subdubitare
505 3029 630 3086 videntur
648 3030 682 3086 de
703 3030 783 3086 modo
801 3031 933 3099 vaticinii,
956 3033 985 3086 in
1006 3050 1151 3108 progressu
1175 3040 1263 3087 autem

209 3117 237 3172 id
264 3119 371 3194 penitus
395 3126 515 3173 evertere
538 3126 674 3172 conantur.
721 3136 803 3192 quare
825 3126 852 3171 et
875 3137 924 3173 nos
948 3117 1090 3193 dirigamus
1114 3135 1264 3172 sermonem

208 3213 330 3258 nostrum
342 3213 434 3259 eontra
445 3202 541 3259 horum
553 3213 701 3279 utrumque.
734 3204 890 3279 incipiamus
903 3212 990 3258 autem
1003 3199 1152 3257 dissolvere
1163 3203 1263 3279 priora,

207 3309 257 3366 per
276 3291 392 3364 quietern
410 3309 471 3345 eum
488 3309 538 3345 nos
557 3287 625 3345 nihil
644 3288 769 3344 iaciamus
784 3287 926 3364 aliquando
939 3286 1021 3343 futuri
1034 3289 1212 3362 cognitionem
1224 3309 1264 3343 as·

209 3378 353 3450 sequimur,
373 3395 451 3450 quam
469 3385 559 3432 tamen
577 3394 671 3451 magno
683 3375 791 3450 negotio
804 3372 972 3430 elaborantes
985 3393 1066 3450 saepe
1077 3392 1131 3427 non
1144 3371 1263 3428 valemus

209 3463 328 3537 assequi;
351 3480 400 3517 nee
417 3472 506 3517 tamen
524 3463 644 3518 vaticinii
669 3481 748 3517 causa
766 3463 864 3538 partim
882 3481 896 3514 a
920 3460 999 3515 nobis
1016 3460 1116 3535 partim
1139 3457 1172 3512 ab
1190 3466 1264 3513 extra

208 3550 252 3602 sit.
298 3566 410 3621 quarum
428 3549 498 3602 enim
516 3567 605 3602 rerum
623 3557 697 3604 eerto
715 3549 743 3603 in
762 3546 841 3602 nobis
860 3566 939 3602 eausa
957 3553 1089 3599 statuatur
1105 3542 1264 3621 principalis

209 3643 236 3688 et
255 3631 410 3687 secundaria
429 3634 463 3688 ab
481 3643 569 3700 extra,
593 3635 617 3688 si
641 3632 690 3689 hae
713 3633 780 3689 duae
804 3652 900 3688 causae
922 3640 1014 3686 mutuo
1038 3650 1174 3687 connexae
1192 3641 1263 3698 sunt,

209 3738 273 3774 sane
291 3716 403 3772 effectus
421 3721 546 3774 eveniunt
564 3728 639 3773 nerto
659 3729 686 3775 et
704 3727 858 3776 constanter
876 3717 908 3772 ad
932 3715 994 3784 has,
1020 3727 1047 3772 et
1069 3716 1263 3796 principalibus

210 3804 397 3881 obtemperant
415 3824 483 3880 quae
500 3804 534 3859 ab
551 3806 586 3860 iis
603 3801 728 3882 pendent.
775 3805 881 3879 quoties
901 3811 988 3857 autern
1007 3823 1085 3859 eausa
1105 3803 1230 3860 distincta
1249 3825 1263 3857 a

210 3891 289 3947 nobis
314 3892 351 3946 sit
369 3900 396 3945 et
413 3910 463 3969 per
481 3910 511 3946 se
529 3890 660 3958 existens,
683 3911 737 3946 non
763 3900 805 3945 est
829 3893 856 3944 in
878 3900 969 3944 nostra
991 3898 1127 3966 potestate
1144 3899 1263 3955 eventus,

211 3977 261 4033 sed
278 3987 334 4032 tota
353 3997 397 4032 res
415 3976 515 4054 pendet
533 3975 566 4031 ab
584 3978 619 4031 iis
638 3997 706 4052 quae
718 3987 781 4032 sunt
793 3986 873 4033 extra.
919 3996 979 4031 oum
991 3977 1073 4052 igitur
1085 3979 1184 4033 veritas
1197 3994 1264 4050 quae

212 4084 260 4142 per
284 4066 387 4119 somnia
409 4066 498 4141 possit
520 4061 611 4140 colligi
633 4082 686 4118 non
710 4083 816 4141 semper
838 4064 937 4118 uostris
961 4063 1087 4140 operibus
1109 4064 1263 4138 acquiritur,

212 4152 292 4206 immo
311 4169 390 4227 saepe
409 4171 455 4205 sua
475 4161 573 4227 sponte
591 4150 669 4205 nobis
688 4148 819 4226 affulgeat,
838 4147 890 4206 hoc
908 4148 987 4228 plane
1005 4149 1123 4204 ostendit
1142 4146 1214 4223 quod
1226 4145 1264 4202 di-

212 4239 311 4292 vinatio
330 4248 386 4292 tum
405 4239 442 4292 sit
460 4237 492 4292 ab
511 4247 585 4293 extra
604 4246 631 4292 et
650 4236 702 4293 diis
720 4238 788 4314 ipsis
806 4247 861 4292 tum
879 4239 958 4292 etiarn
976 4234 1050 4310 quod
1068 4234 1158 4317 libera·
1170 4234 1214 4300 sit,
1237 4243 1264 4289 ot
