2776 4876
210 353 263 406 252
1210 346 1263 409 '132

212 509 389 574 αἰνίττεται
409 500 455 590 μή
478 500 655 591 ψαύουσαν
677 503 837 588 μηδαμῶς
859 503 919 582 τῆς
941 497 1037 580 λλύος,
1065 503 1121 566 καὶ
1143 499 1265 587 ἡγεμο-

212 621 288 686 νίαν
315 612 436 703 νοερυλν
465 617 520 681 καὶ
549 610 707 700 ἐμπύριον
734 615 965 680 ἐπιδείκνυται·
994 613 1170 700 κυκλοτερῆ
1200 606 1266 698 γὰρ

211 724 321 793 πάντα
344 724 464 813 ὁρᾶται
486 721 528 791 τὰ
550 729 609 790 τοῦ
631 729 744 804 λωτοῦ,
766 727 822 791 καὶ
844 721 886 790 τοί
908 730 943 790 ἐν
958 735 1028 800 τοῖς
1043 720 1180 813 φύλλοις
1195 720 1301 802 stone

212 841 267 904 καὶ
288 834 331 903 τοί
354 843 389 903 ἐν
410 847 481 914 τοῖς
502 845 641 922 καρποῖς
664 831 861 926 φαινόμενα,
882 827 963 924 Ιήπερ
986 829 1027 915 δή
1042 830 1127 925 μόνη
1141 828 1268 913 κινήσει

211 953 251 1041 τῇ
272 944 358 1014 κατὰ
379 944 497 1014 κύκλον
519 950 580 1013 νοῦ
601 944 748 1037 ἐνέργειά
771 952 839 1013 ἐστι
862 942 1026 1031 συγγενής,
1053 940 1090 1010 τὸ
1114 939 1200 1009 κατοί
1221 939 1267 1008 τοί

212 1057 297 1127 αὐτὰ
320 1063 376 1126 καὶ
398 1056 551 1136 ὡσαύτως
575 1062 630 1123 καὶ
653 1065 688 1124 έν
710 1060 772 1143 μιᾷ
786 1055 877 1136 τοίξει
898 1061 954 1123 καὶ
976 1054 1062 1122 καθ’
1082 1062 1139 1122 tva
1161 1053 1301 1139 λόγσνσ

212 1176 430 1262 ἐμφαίνουσα.
477 1165 576 1247 αὐτὸς
605 1171 639 1235 δὲ
668 1164 709 1249 δή
740 1164 864 1246 tosta
887 1171 1014 1256 ἵδρυται
1044 1165 1128 1233 καθ’
1147 1162 1270 1233 ἑαυτὸν

213 1286 268 1348 καὶ
290 1283 371 1369 ὑπὲρ
394 1277 454 1362 τήν
476 1277 632 1360 τοιαύτην
653 1279 834 1366 ἡγεμονίαν
862 1281 918 1344 καὶ
940 1285 1119 1368 ἐνέργειαν,
1147 1271 1269 1363 σεμνὸς

213 1397 269 1459 καὶ
292 1388 386 1478 ἅγιος
408 1390 679 1480 ὑπερηπλωμένος
701 1393 756 1456 καὶ
779 1394 885 1474 μένων
914 1396 949 1456 ἐν
971 1395 1084 1474 ἑαυτῷ,
1113 1385 1193 1477 ὅπερ
1224 1382 1304 1468 tris

212 1501 249 1569 τὸ
272 1506 482 1584 καθέζεσθαι
503 1500 658 1587 βούλεται
680 1503 860 1584 σημαίνειν.
899 1500 917 1567 ὁ
941 1500 971 1566 δ’
986 1504 1038 1567 ἐπὶ
1053 1503 1172 1567 πλοίου
1186 1522 1268 1566 ναυ-

212 1613 402 1699 τιλλόμενος
431 1609 491 1694 τήν
520 1613 786 1700 διακυβερνῶσαν
814 1608 874 1680 τὸν
902 1610 1029 1696 κόσμον
1058 1607 1268 1700 ἐπικράτειαν

211 1729 419 1811 παρίστησιν.
466 1722 573 1810 ὥσπερ
597 1714 693 1788 ούνὲ
727 1719 926 1806 κυβερνήτης
950 1724 1112 1813 χωριστὸς
1139 1715 1185 1787 aiv
1207 1724 1268 1801 τῆς
1287 1733 1322 1785 1²

212 1831 292 1913 νεώς
314 1837 379 1901 τῶν
401 1836 571 1914 πηδαλίων
593 1831 696 1912 αὐτῆς
718 1834 918 1917 ἐπιβέβηκεν,
947 1831 1032 1901 οὕτω
1052 1835 1220 1922 χωριστῶς
1247 1830 1290 1899 ὁ,

212 1944 304 2027 ήλιος
327 1949 392 2012 των
421 1942 542 2012 ολοίκων
570 1949 630 2010 τοῦ
656 1940 795 2029 κόσμου*
810 1940 935 2021 παντὸς
964 1946 1164 2029 ἐπιβέβηκεν.
1210 1945 1268 2009 καὶ

212 2054 371 2146 καθάπερ
394 2051 530 2122 ἄνωθεν
553 2062 587 2120 ἐκ
610 2051 759 2143 πρύμνης
780 2053 962 2121 ἀπευθύνει
983 2051 1093 2121 πάντα
1117 2053 1268 2139 ὁκυβερ-
1288 2069 1321 2119 15

212 2164 328 2249 νήτης,
358 2163 503 2243 ἐνδιδούς
524 2168 684 2253 βραχεῖαν
712 2163 748 2244 ἐξ
768 2168 888 2232 ἑαυτοῦ
913 2161 975 2246 τήν
1002 2163 1134 2254 πρώτην
1161 2159 1269 2251 ἀρχήν

107 2271 115 2281 ’
212 2283 271 2359 τῆς
299 2282 425 2367 φορᾶς,
460 2274 544 2343 οὕτω
578 2272 662 2342 πολύ
690 2273 892 2361 πρότερονὸ
922 2272 1006 2353 θεὸς
1034 2272 1169 2342 ἄνωθεν
1199 2270 1268 2340 ἀπὸ

211 2391 277 2455 τῶν
299 2387 435 2478 πρώτων
458 2387 567 2477 ἀρχῶν
590 2391 648 2467 τῆς
670 2382 798 2477 (μύσεως
820 2381 879 2463 τὰς
900 2383 1130 2477 πρωτουρηούς
1153 2385 1265 2464 αλτίας
1288 2399 1321 2450 18

212 2503 278 2566 τῶν
299 2497 458 2581 κινήσεων
481 2497 663 2587 ἀμερίστως
685 2499 850 2564 ἐνδίδωσι’
873 2502 978 2566 ταῦτα
1002 2496 1043 2579 δή
1066 2489 1126 2565 οὖν
1147 2501 1205 2565 καὶ
1220 2501 1269 2564 έτι

284 2712 309 2762 5.
345 2706 396 2778 τῇ]
423 2707 458 2758 εἰσ
485 2706 545 2770 Ac,
578 2704 628 2759 τοῦ
656 2708 688 2760 Ο.
730 2702 743 2775 ΙΙ
784 2704 893 2772 κύκλον]
925 2707 960 2758 sic
986 2706 1071 2770 Act),
1108 2706 1204 2760 κύκλου
1227 2706 1268 2759 ’0.

284 2796 311 2845 o.
346 2788 432 2858 ἅγιος]
462 2788 521 2849 ὅλος
549 2795 581 2843 Λ.
615 2788 628 2860 ΙΙ
662 2789 869 2863 ύπεριπλύμειος
895 2793 929 2844 Ι).
959 2787 972 2860 ss
1007 2788 1088 2864 ὅπερ]
1117 2789 1205 2861 ὥσπερ
1233 2791 1268 2844 0.

285 2878 327 2927 10.
346 2872 491 2944 σημαίνειν]
505 2881 659 2944 συμβαίνειν
673 2878 753 2931 ABD.
771 2873 783 2946 ΙΙ
800 2875 907 2943 πλοίου]
921 2879 1013 2930 πλείου
1031 2878 1063 2928 D.
1137 2879 1180 2929 15.
1198 2875 1269 2948 πρή-

283 2981 347 3029 μνης
365 2960 393 3012 C.
468 2962 509 3014 18.
536 2963 716 3033 προτσνρμούς
733 2964 766 3015 Ι).

214 3194 280 3250 quae
298 3194 332 3228 ne
351 3174 459 3250 quidem
477 3185 567 3251 tangat
584 3174 678 3244 lutum,
704 3179 784 3232 etiam
801 3186 828 3231 et
845 3174 1052 3253 praesidentiam
1070 3177 1127 3230 eius
1146 3173 1269 3230 intellec·

213 3259 311 3315 tualem
334 3260 455 3330 denotat,
478 3272 506 3318 et
523 3261 603 3340 plane
626 3265 786 3339 empyriam3
809 3264 897 3317 omnia
916 3264 984 3317 enim
1003 3263 1032 3316 in
1049 3260 1106 3317 loto
1127 3258 1269 3316 circularia

213 3354 288 3413 sunt,
311 3355 368 3402 tum
385 3344 448 3402 solia
467 3358 524 3403 tum
541 3347 656 3417 fructus,
680 3351 723 3404 cui
742 3347 821 3404 solae
838 3348 950 3402 motioni
976 3345 1099 3403 circulari
1120 3344 1270 3421 respondet

212 3434 309 3487 mentis
327 3435 456 3509 operatio,
475 3455 525 3511 per
542 3434 634 3489 eadem
652 3433 779 3490 videlicet
797 3443 824 3488 et
842 3432 936 3487 eodem
953 3441 1033 3508 pacto
1053 3430 1145 3487 ordine
1162 3432 1269 3486 ratione

213 3536 243 3577 se
261 3537 368 3595 semper
385 3517 493 3575 habens.
543 3519 608 3576 deus
628 3529 714 3576 autem
737 3522 796 3596 ipse
817 3539 868 3595 per
885 3538 915 3573 se
937 3515 1012 3573 solus
1035 3518 1112 3574 sedet
1133 3536 1270 3593 expansus

213 3620 293 3677 super
311 3602 363 3659 hoc
381 3606 523 3681 imperium
541 3615 569 3661 et
587 3607 777 3683 operationem,
800 3601 960 3660 venerabilis
984 3614 1093 3661 sanctus
1111 3605 1139 3659 in
1158 3623 1188 3659 se
1206 3605 1270 3680 ipso

212 3687 319 3762 penitus
338 3691 488 3763 quiescens,
508 3690 581 3766 quod
598 3690 706 3766 quidem
724 3690 842 3746 sedendo
860 3689 1032 3766 significatur.
1079 3690 1126 3745 ubi
1139 3698 1228 3744 autem
1239 3691 1270 3745 in

213 3770 344 3846 symbolis
362 3774 428 3832 deus
440 3787 575 3852 tamquam
586 3778 663 3832 uaris
675 3786 766 3832 rector
777 3786 828 3843 est,
846 3775 876 3831 id
888 3776 1006 3832 ostendit
1016 3778 1164 3854 potentiam
1174 3774 1270 3830 mundi

214 3857 432 3934 gubernatricem.
478 3865 549 3918 sieut
571 3865 642 3918 enim
665 3863 825 3938 gubernator
849 3860 1006 3939 separabilis
1028 3864 1147 3918 existens
1171 3862 1270 3917 anari

214 3945 272 4000 eius
290 3952 425 4019 tamqnam
442 3944 516 4002 olavo
527 3948 630 4016 adstat,
656 3949 750 4005 eodem
767 3946 848 4003 modo
867 3956 895 4002 et
912 3946 955 4002 sol
973 3948 1065 4005 mundi
1082 3950 1166 4004 totius
1184 3957 1271 4004 temo·

213 4049 274 4084 nem
292 4030 369 4103 regit,
387 4031 447 4105 ipse
465 4033 628 4108 separabilis.
675 4045 703 4089 et
721 4032 942 4109 quemadmodum
961 4055 976 4089 a
993 4037 1080 4112 puppi
1099 4036 1188 4090 omnia
1200 4035 1271 4109 regit

204 4116 374 4188 gubernator
391 4114 473 4172 breve
491 4117 625 4191 quoddam
642 4119 677 4174 ad
695 4140 801 4175 cursum
819 4122 941 4176 iniiciens
960 4131 1131 4188 momentum,
1150 4121 1188 4174 ita
1201 4118 1270 4174 deus

215 4199 297 4257 multo
316 4201 489 4260 excellentius
513 4224 527 4258 a
545 4206 639 4279 primis
657 4214 766 4262 naturae
787 4209 928 4283 principiis
952 4209 1052 4283 primas
1074 4216 1163 4262 motus
1187 4203 1271 4260 modo
