2776 4876
508 333 651 413 Porphyrii
670 335 791 414 epistola.
1117 354 1177 394 ω

121 502 193 572 τοῖς
218 493 327 568 καλῶς
355 491 415 560 οὐκ
443 496 646 561 ἐπίστανται.
693 499 783 563 osto
812 488 871 564 οὖν
899 495 978 586 παρ’
997 495 1089 582 ὑμῶν
1117 492 1178 578 τὴν

122 613 169 684 είς
192 603 406 689 εὐδαιμονίαν
430 601 511 671 ὁδὸν
533 607 691 688 ἐπιδεῖξαί
712 634 778 693 μοι,
808 612 864 675 καὶ
887 614 923 674 ὲν
944 612 1009 675 τίνι
1029 608 1177 690 κτῖταιὴ

85 717 227 800 3αὐτῆς
257 714 368 783 οὐσία·
403 713 496 803 παρὰ
525 721 584 801 μὲν
610 714 675 806 γὰρ
703 719 784 805 ἡμῖν
813 723 1000 807 λογομαχία
1032 724 1082 800 τίς
1109 727 1179 789 ἐστι
1195 727 1234 787 17

121 827 239 909 πολλή,
269 824 327 894 ἅτε
350 828 385 910 ἐξ
407 826 633 916 ἀνθρωπίνων
664 833 831 917 λογισμῶν
853 837 913 898 τοῦ
934 831 1074 916 ἀγαθοῦ
1096 838 1177 898 τίκα

125 943 281 1027 ζομίνου·
305 938 355 1017 οἷς
377 942 411 1006 δὲ
433 938 661 1027 μεμηχάνηται
683 941 704 1023 ἡ
726 940 810 1029 πρὸς
832 937 870 1008 τὸ
893 953 1041 1031 κρεῖττον
1064 966 1178 1010 συνου-

87 1067 104 1118 t
126 1056 195 1132 σία,
218 1059 246 1118 εἰ
267 1055 327 1139 μὲν
348 1061 503 1137 παρεῖται
524 1047 563 1118 τὰ
586 1059 686 1139 μέρος
708 1057 806 1120 τοῦτο
830 1062 874 1133 εἰς
889 1055 1046 1140 ἐξέτασιν,
1067 1051 1177 1140 μοίτην
1194 1065 1234 1124 18

122 1164 236 1242 αι’ττοῑς
257 1162 278 1245 ἡ
303 1166 408 1254 σοφία
430 1160 606 1245 ἐξήσκηται
627 1169 701 1252 περὶ
724 1168 887 1253 δραπέτου
909 1163 1098 1257 εὑρίστωςῆ
1110 1193 1176 1254 χιο-

123 1281 197 1363 ρίου
221 1276 307 1358 ὠνῆς
329 1269 351 1357 ἢ
372 1272 490 1361 γάμου,
514 1281 541 1342 εί
562 1273 665 1364 τίιχοι,
687 1273 709 1358 ἢ
731 1281 891 1367 ἐμπορίας
906 1276 966 1344 τὸν
981 1282 1081 1345 θεῖον
1096 1281 1177 1344 νοῦν

86 1401 102 1451 e
124 1387 359 1476 ἐνοχλήσασιν·
384 1394 410 1453 εὶ
433 1386 462 1453 δ’
483 1385 524 1453 οὐ
544 1399 698 1475 παρεῖται
720 1393 789 1475 μέν,
812 1394 844 1455 οἱ
862 1386 1015 1467 συνόντες
1029 1393 1103 1478 περὶ
1116 1393 1177 1475 μὲν

122 1504 188 1569 τῶν
218 1496 327 1567 ἄλλων
355 1497 594 1579 τάληθέστατα
621 1503 765 1585 λέγουσι,
799 1504 874 1587 περὶ
903 1503 937 1567 δὲ
967 1500 1178 1587 εὐδαιμονίας
1195 1499 1234 1557 49

121 1611 217 1680 οὐδὲν
238 1611 387 1703 ἀσφαλὲς
409 1607 479 1677 οὐδ’
498 1616 651 1697 ἐχέγγυον
673 1614 790 1697 ἔχουσι,
809 1607 939 1698 χαλεποί
954 1616 1014 1698 μὲν
1029 1614 1177 1697 διαμτλε-

67 1731 103 1782 12
125 1727 244 1803 τῶντες
260 1721 416 1812 δίχρηστα
438 1724 473 1789 δὲ
495 1733 566 1801 τοῖς
588 1720 791 1813 ἀνθρώποις,
821 1723 881 1791 οὐκ
901 1715 993 1802 ἦσαν
1014 1719 1082 1813 ἄρα
1103 1719 1177 1791 οὔτε

122 1837 202 1904 θεοὶ
226 1832 295 1901 οὔτ’
314 1834 446 1919 ἀγαθοὶ
475 1835 638 1919 δαίμονες,
667 1831 783 1917 ἀλλ’ἢ
805 1842 928 1914 ἐκεῖνος
956 1835 975 1903 ὁ
1003 1833 1181 1922 λεγόμενος

121 1945 248 2026 πλάνος
277 1941 300 2028 ἢ
327 1948 396 2013 πᾶν
425 1941 615 2035 ἀνθρώπων
650 1943 778 2036 εὕρημα
805 1950 862 2015 καὶ
891 1948 1022 2030 θνητῆς
1050 1944 1179 2038 φύσεος

70 2073 103 2123 1ο
121 2054 336 2146 ἀνάπλασμα.
597 2038 601 2047 ⁶

192 2223 218 2274 3.
245 2225 292 2292 μὲν
309 2241 360 2274 om.
378 2222 470 2274 EuseI).
562 2222 587 2274 9.
615 2219 657 2288 οἱ]
677 2226 704 2274 οί
721 2225 748 2275 tt
768 2224 859 2274 Euseb.
951 2225 992 2276 10.
1020 2222 1056 2274 τοὶ
1074 2216 1179 2289 &taet-

192 2324 282 2362 στατα
295 2301 372 2361 Gale.
479 2311 522 2360 11.
551 2309 642 2375 ίχσυσι
657 2328 708 2361 σοι.
726 2308 818 2362 Euseb.
933 2309 1049 2361 11-12.
1072 2307 1178 2377 χαλεπὰ

194 2389 388 2465 adventinum
402 2412 455 2448 om.
472 2394 566 2446 nne.
585 2394 683 2446 Theod.
777 2397 821 2447 12.
846 2409 901 2465 post
918 2386 987 2465 ι’γιαν
1000 2394 1102 2446 Theod.
1120 2393 1176 2444 add

194 2472 248 2534 oda.
273 2475 285 2550 ΙΙ
308 2477 363 2551 ἄρα
380 2501 432 2533 om.
451 2480 522 2533 Gale.
601 2483 643 2534 13.
670 2478 757 2549 riom,
776 2482 874 2536 Theod.
946 2482 1062 2535 14-15.
1086 2477 1177 2548 ἢτεᾶν

194 2564 401 2639 *sir-'rioms
415 2588 467 2622 σοι,
486 2565 579 2620 Βοιὼ.
597 2567 677 2620 Teod.

120 2690 226 2745 Fontes:
283 2690 362 2760 §.fi
399 2692 493 2744 Euseb.
511 2711 550 2762 pr.
569 2711 605 2742 ev.
627 2690 668 2754 14,
688 2694 735 2758 103
761 2691 788 2756 2,
807 2694 859 2746 328
877 2691 952 2745 Hein.

192 2777 218 2847 ἦ.
230 2775 275 2831 48.
287 2777 331 2832 49.
366 2779 458 2831 Euseb.
476 2796 515 2848 pr.
537 2795 574 2830 ev.
594 2777 619 2842 3,
639 2779 801 2841 10;1‚2oe
818 2778 894 2831 Heiu.

191 2860 216 2933 fl.
229 2864 272 2918 13.
307 2867 339 2917 εί.
356 2865 430 2918 etiam
449 2864 600 2918 Theodoro.
618 2884 655 2930 gr.
672 2866 714 2917 aff.
733 2885 784 2919 cm.
803 2868 875 2937 ruff
893 2866 964 2939 Sytb.
982 2865 1070 2935 μ133
1090 2863 1169 2917 Gaisf.

122 3000 269 3060 futurorum
288 3004 428 3060 seientiam
446 3013 473 3059 et
490 3014 578 3059 tamen
596 3024 627 3059 ea
644 3003 685 3058 uti
702 3006 831 3063 nesciant.
876 3005 955 3081 cupio
968 3003 1049 3083 igitur
1066 3024 1081 3058 a
1098 2998 1177 3057 vobis

122 3086 215 3146 doceri
233 3110 302 3166 quae
320 3090 357 3146 sit
375 3087 409 3145 ad
427 3086 581 3146 felicitatem
598 3091 650 3159 via,
670 3099 697 3147 et
715 3094 743 3147 in
762 3111 815 3168 quo
827 3092 916 3170 posita
933 3090 969 3146 sit
982 3091 1039 3145 eius
1052 3087 1176 3143 essentia.

59 3235 68 3247 ¹
122 3196 187 3232 sane
205 3175 275 3255 apud
292 3196 343 3231 nos
363 3175 481 3232 Graecos
499 3171 603 3234 infinita
621 3186 663 3233 est
680 3175 731 3234 hac
743 3176 777 3234 de
788 3198 819 3234 re
831 3174 999 3255 disceptatio,
1019 3174 1119 3251 qnippe
1131 3175 1178 3243 qni
1194 3173 1233 3232 47

122 3282 156 3318 ex
174 3262 337 3318 coniecturis
360 3282 433 3319 mere
451 3259 573 3320 humanis
597 3261 663 3340 quid
681 3264 718 3319 sit
735 3283 866 3320 summum
887 3262 988 3318 bonum
1006 3259 1174 3315 hariolemur.

122 3347 220 3424 qm'bus
237 3352 325 3406 intem
343 3368 404 3406 cum
421 3349 474 3406 diis
492 3349 658 3406 familiaritas
675 3352 837 3418 intercessit,
856 3352 880 3405 si
898 3348 1075 3426 negligentius
1087 3349 1114 3402 in
1126 3344 1178 3402 hac

121 3455 151 3491 re
163 3435 347 3513 investiganda
359 3457 420 3493 sese
431 3439 572 3514 gesserint,
589 3436 687 3494 frustra
699 3436 821 3514 profecto
838 3437 996 3514 supientiam
1006 3434 1177 3513 profitentur,
1194 3428 1234 3487 18

123 3539 184 3577 cum
200 3521 230 3578 id
246 3532 351 3578 tantum
368 3534 456 3599 agunt,
474 3534 506 3580 ut
523 3523 642 3580 divinam
659 3533 777 3580 mentem
793 3525 952 3599 inquietent,
969 3533 1034 3601 puta
1053 3519 1087 3577 de
1104 3523 1177 3577 servi

121 3605 226 3682 fugitivi
248 3611 403 3665 inventione
427 3608 461 3666 de
485 3612 540 3687 agri
563 3610 748 3688 redemptione
774 3609 809 3666 de
830 3611 933 3686 nuptiis
955 3619 1000 3666 aut
1021 3619 1176 3666 mercatura.

120 3696 146 3751 si
164 3712 229 3751 vero
247 3715 302 3752 οοο
319 3695 500 3773 neglexerint,
520 3707 548 3755 et
566 3707 654 3754 umen
672 3717 733 3754 cum
756 3695 792 3753 de
808 3694 870 3751 uliis
887 3695 967 3752 rebus
990 3696 1177 3753 certitudinem

40 3772 43 3779 ’
120 3791 151 3837 et
165 3783 308 3839 veritatem
324 3792 442 3851 teneant,
466 3782 500 3840 dc
517 3782 646 3841 felicitate
664 3781 733 3845 uitil
749 3784 817 3839 certi
835 3793 863 3838 et
885 3781 941 3838 fide
958 3782 1068 3860 dignum
1087 3803 1178 3861 repor·
1195 3787 1233 3845 49

120 3869 212 3938 tarint,
230 3867 352 3928 difficilia
370 3878 474 3925 tantum
490 3879 517 3924 et
534 3867 687 3927 hominibus
705 3866 810 3927 inutilia
831 3866 1003 3939 meditantes,
1026 3880 1100 3926 certe
1122 3890 1176 3925 non

120 3965 185 4011 sunt
202 3954 242 4012 dii
259 3966 305 4011 aut
322 3956 387 4013 boui
405 3956 562 4023 daemones,
585 3955 744 4031 quibuscum
766 3957 867 4012 versati
890 3965 965 4026 suut,
988 3954 1037 4013 aed
1060 3954 1106 4014 ille
1130 3956 1176 4032 qui

120 4039 202 4121 vulgo
221 4040 335 4099 daemon
352 4044 484 4122 impostor
502 4042 608 4111 dicitur,
627 4052 672 4098 aut
689 4051 775 4099 totum
792 4041 844 4100 hoc
861 4041 998 4101 homiuum
1017 4044 1069 4100 erit
1085 4044 1182 4100 iuven?

119 4136 178 4184 tum
196 4137 224 4184 et
241 4138 351 4185 naturae
368 4124 488 4184 mortalis
506 4140 693 4186 commentum.
