<?xml version="1.0" encoding="UTF-8"?>
<!DOCTYPE html PUBLIC "-//W3C//DTD XHTML 1.0 Transitional//EN"
    "http://www.w3.org/TR/xhtml1/DTD/xhtml1-transitional.dtd">
<html xmlns="http://www.w3.org/1999/xhtml" xml:lang="en" lang="en">
 <head>
  <title>
</title>
<meta http-equiv="Content-Type" content="text/html;charset=utf-8" />
  <meta name='ocr-system' content='tesseract 3.04.00' />
  <meta name='ocr-capabilities' content='ocr_page ocr_carea ocr_par ocr_line ocrx_word'/>
</head>
<body>
  <div class='ocr_page' id='page_1' title='image "./jamblichidemyst00jambgoog_0430.png"; bbox 0 0 2776 4876; ppageno 0'>
   <div class='ocr_carea' id='block_1_1' title="bbox 182 352 1258 425">
    <p class='ocr_par' dir='ltr' id='par_1_1' title="bbox 182 352 1258 425">
     <span class='ocr_line' id='line_1_1' title="bbox 182 352 1258 425; baseline 0.005 -12"><span class='ocrx_word' id='word_1_1' title='bbox 182 352 184 355; x_wconf 38' lang='lat'><strong><em>¹</em></strong></span> <span class='ocrx_word' id='word_1_2' title='bbox 211 361 282 425; x_wconf 70' lang='lat' dir='ltr'><strong>tot·</strong></span> <span class='ocrx_word' id='word_1_3' title='bbox 1206 362 1258 418; x_wconf 73' lang='grc'><strong>191</strong></span> 
     </span>
    </p>
   </div>
   <div class='ocr_carea' id='block_1_2' title="bbox 175 509 1260 1051">
    <p class='ocr_par' dir='ltr' id='par_1_2' title="bbox 175 509 1260 1051">
     <span class='ocr_line' id='line_1_2' title="bbox 210 509 1260 604; baseline 0.005 -23"><span class='ocrx_word' id='word_1_4' title='bbox 210 515 431 600; x_wconf 82' lang='grc' dir='ltr'><strong><em>ἀγαθῶνκαὶ</em></strong></span> <span class='ocrx_word' id='word_1_5' title='bbox 454 513 566 597; x_wconf 81' lang='grc' dir='ltr'><strong><em>ἀπάτη</em></strong></span> <span class='ocrx_word' id='word_1_6' title='bbox 594 521 668 603; x_wconf 83' lang='grc' dir='ltr'><strong><em>περὶ</em></strong></span> <span class='ocrx_word' id='word_1_7' title='bbox 689 512 730 583; x_wconf 90' lang='grc' dir='ltr'><strong><em>τύ</em></strong></span> <span class='ocrx_word' id='word_1_8' title='bbox 751 515 868 584; x_wconf 87' lang='grc' dir='ltr'><strong><em>κακόν·</em></strong></span> <span class='ocrx_word' id='word_1_9' title='bbox 899 516 1003 602; x_wconf 73' lang='grc' dir='ltr'><em>ἡμὲν</em></span> <span class='ocrx_word' id='word_1_10' title='bbox 1026 509 1085 585; x_wconf 83' lang='grc' dir='ltr'><strong>οὐν</strong></span> <span class='ocrx_word' id='word_1_11' title='bbox 1106 522 1152 603; x_wconf 78' lang='grc' dir='ltr'><strong>τῷ</strong></span> <span class='ocrx_word' id='word_1_12' title='bbox 1175 523 1260 604; x_wconf 80' lang='grc' dir='ltr'><strong><em>θείῳ</em></strong></span> 
     </span>
     <span class='ocr_line' id='line_1_3' title="bbox 210 625 1259 717; baseline 0.002 -23"><span class='ocrx_word' id='word_1_13' title='bbox 210 625 367 706; x_wconf 77' lang='grc' dir='ltr'><strong><em>σύνεστιν,</em></strong></span> <span class='ocrx_word' id='word_1_14' title='bbox 390 627 410 708; x_wconf 80' lang='grc' dir='ltr'><strong><em>ἡ</em></strong></span> <span class='ocrx_word' id='word_1_15' title='bbox 435 630 470 694; x_wconf 80' lang='grc' dir='ltr'><strong>δὲ</strong></span> <span class='ocrx_word' id='word_1_16' title='bbox 488 632 606 714; x_wconf 85' lang='grc' dir='ltr'><strong><em>χείρων</em></strong></span> <span class='ocrx_word' id='word_1_17' title='bbox 628 641 731 717; x_wconf 84' lang='grc' dir='ltr'><strong><em>μοῖρα</em></strong></span> <span class='ocrx_word' id='word_1_18' title='bbox 752 627 934 715; x_wconf 79' lang='grc' dir='ltr'><strong><em>ὐχοίριστός</em></strong></span> <span class='ocrx_word' id='word_1_19' title='bbox 956 636 1024 697; x_wconf 79' lang='grc' dir='ltr'><strong><em>ἐστι</em></strong></span> <span class='ocrx_word' id='word_1_20' title='bbox 1039 633 1098 696; x_wconf 81' lang='grc' dir='ltr'><strong>τοῦ</strong></span> <span class='ocrx_word' id='word_1_21' title='bbox 1112 632 1259 710; x_wconf 79' lang='grc' dir='ltr'><em>θνητοῦ·</em></span> 
     </span>
     <span class='ocr_line' id='line_1_4' title="bbox 175 737 1259 828; baseline 0.001 -21"><span class='ocrx_word' id='word_1_22' title='bbox 175 743 264 807; x_wconf 68' lang='lat' dir='ltr'><strong>axel</strong></span> <span class='ocrx_word' id='word_1_23' title='bbox 286 738 307 821; x_wconf 81' lang='grc' dir='ltr'><em>ἡ</em></span> <span class='ocrx_word' id='word_1_24' title='bbox 330 743 390 824; x_wconf 81' lang='grc' dir='ltr'><em>μὲν</em></span> <span class='ocrx_word' id='word_1_25' title='bbox 412 737 472 817; x_wconf 81' lang='grc' dir='ltr'><strong>τὰς</strong></span> <span class='ocrx_word' id='word_1_26' title='bbox 494 744 558 806; x_wconf 83' lang='grc' dir='ltr'><em>τῶν</em></span> <span class='ocrx_word' id='word_1_27' title='bbox 580 745 707 822; x_wconf 81' lang='grc' dir='ltr'><em>νοητῶν</em></span> <span class='ocrx_word' id='word_1_28' title='bbox 730 740 844 818; x_wconf 83' lang='grc' dir='ltr'><strong><em>οὐσίας</em></strong></span> <span class='ocrx_word' id='word_1_29' title='bbox 866 747 1044 828; x_wconf 80' lang='grc' dir='ltr'><strong><em>ἱερατικοῖς</em></strong></span> <span class='ocrx_word' id='word_1_30' title='bbox 1067 741 1157 819; x_wconf 83' lang='grc' dir='ltr'><em>ὁδοῖς</em></span> <span class='ocrx_word' id='word_1_31' title='bbox 1175 741 1259 808; x_wconf 82' lang='grc' dir='ltr'><strong><em>ἀνα-</em></strong></span> 
     </span>
     <span class='ocr_line' id='line_1_5' title="bbox 208 850 1258 941; baseline 0.002 -25"><span class='ocrx_word' id='word_1_32' title='bbox 208 863 326 936; x_wconf 84' lang='grc' dir='ltr'><strong><em>μετρεῖ,</em></strong></span> <span class='ocrx_word' id='word_1_33' title='bbox 348 850 369 932; x_wconf 78' lang='grc' dir='ltr'>ἡ</span> <span class='ocrx_word' id='word_1_34' title='bbox 392 854 427 917; x_wconf 84' lang='grc' dir='ltr'><strong>δὲ</strong></span> <span class='ocrx_word' id='word_1_35' title='bbox 449 857 746 938; x_wconf 85' lang='grc' dir='ltr'><strong><em>παρακρουσθεῖσα</em></strong></span> <span class='ocrx_word' id='word_1_36' title='bbox 767 857 832 919; x_wconf 82' lang='grc' dir='ltr'><em>τῶν</em></span> <span class='ocrx_word' id='word_1_37' title='bbox 848 852 956 941; x_wconf 83' lang='grc' dir='ltr'><em>ἀρχῶν</em></span> <span class='ocrx_word' id='word_1_38' title='bbox 971 859 1125 940; x_wconf 85' lang='grc' dir='ltr'><strong><em>προίησιν</em></strong></span> <span class='ocrx_word' id='word_1_39' title='bbox 1138 851 1258 933; x_wconf 79' lang='grc' dir='ltr'><strong><em>ἑαυτὴν</em></strong></span> 
     </span>
     <span class='ocr_line' id='line_1_6' title="bbox 208 956 1260 1051; baseline 0.003 -23"><span class='ocrx_word' id='word_1_40' title='bbox 208 966 262 1028; x_wconf 79' lang='grc' dir='ltr'><strong>ἐπὶ</strong></span> <span class='ocrx_word' id='word_1_41' title='bbox 283 956 345 1043; x_wconf 78' lang='grc' dir='ltr'><em>την</em></span> <span class='ocrx_word' id='word_1_42' title='bbox 366 970 608 1051; x_wconf 83' lang='grc' dir='ltr'><strong><em>καταμέτρησιν</em></strong></span> <span class='ocrx_word' id='word_1_43' title='bbox 629 969 689 1045; x_wconf 83' lang='grc' dir='ltr'><strong>τῆς</strong></span> <span class='ocrx_word' id='word_1_44' title='bbox 711 970 770 1032; x_wconf 80' lang='grc' dir='ltr'><strong>τοῦ</strong></span> <span class='ocrx_word' id='word_1_45' title='bbox 793 963 945 1049; x_wconf 84' lang='grc' dir='ltr'><strong><em>σώματος</em></strong></span> <span class='ocrx_word' id='word_1_46' title='bbox 967 967 1070 1042; x_wconf 76' lang='grc' dir='ltr'><strong><em>ἰδέας·</em></strong></span> <span class='ocrx_word' id='word_1_47' title='bbox 1093 969 1149 1031; x_wconf 85' lang='grc' dir='ltr'><strong>καὶ</strong></span> <span class='ocrx_word' id='word_1_48' title='bbox 1163 964 1184 1044; x_wconf 80' lang='grc' dir='ltr'>ἡ</span> <span class='ocrx_word' id='word_1_49' title='bbox 1199 970 1260 1051; x_wconf 83' lang='grc' dir='ltr'><em>μὲν</em></span> 
     </span>
    </p>
   </div>
   <div class='ocr_carea' id='block_1_3' title="bbox 156 1073 1261 2280">
    <p class='ocr_par' dir='ltr' id='par_1_3' title="bbox 156 1073 1261 2280">
     <span class='ocr_line' id='line_1_7' title="bbox 175 1073 1260 1163; baseline 0.004 -25"><span class='ocrx_word' id='word_1_50' title='bbox 175 1076 327 1158; x_wconf 80' lang='grc' dir='ltr'><strong><em>ογνῶσίς</em></strong></span> <span class='ocrx_word' id='word_1_51' title='bbox 349 1081 418 1140; x_wconf 81' lang='grc' dir='ltr'><strong><em>ἐστι</em></strong></span> <span class='ocrx_word' id='word_1_52' title='bbox 438 1079 500 1142; x_wconf 81' lang='grc' dir='ltr'><strong>τοῦ</strong></span> <span class='ocrx_word' id='word_1_53' title='bbox 520 1073 655 1163; x_wconf 83' lang='grc' dir='ltr'><strong><em>πατρός,</em></strong></span> <span class='ocrx_word' id='word_1_54' title='bbox 682 1076 704 1155; x_wconf 79' lang='grc' dir='ltr'><em>ἡ</em></span> <span class='ocrx_word' id='word_1_55' title='bbox 728 1079 762 1142; x_wconf 79' lang='grc' dir='ltr'><strong>δὲ</strong></span> <span class='ocrx_word' id='word_1_56' title='bbox 784 1073 966 1163; x_wconf 72' lang='grc' dir='ltr'><strong><em>παραγωγὴ</em></strong></span> <span class='ocrx_word' id='word_1_57' title='bbox 996 1076 1053 1142; x_wconf 82' lang='grc' dir='ltr'><strong>ἀπ’</strong></span> <span class='ocrx_word' id='word_1_58' title='bbox 1073 1076 1175 1143; x_wconf 85' lang='grc' dir='ltr'><strong><em>αὐτοῦ</em></strong></span> <span class='ocrx_word' id='word_1_59' title='bbox 1203 1081 1260 1142; x_wconf 78' lang='grc' dir='ltr'><strong>καί</strong></span> 
     </span>
     <span class='ocr_line' id='line_1_8' title="bbox 208 1183 1260 1276; baseline 0.004 -26"><span class='ocrx_word' id='word_1_60' title='bbox 208 1183 302 1266; x_wconf 82' lang='grc' dir='ltr'><strong>λήθη</strong></span> <span class='ocrx_word' id='word_1_61' title='bbox 323 1189 386 1252; x_wconf 86' lang='grc' dir='ltr'><strong>τοῦ</strong></span> <span class='ocrx_word' id='word_1_62' title='bbox 405 1191 587 1272; x_wconf 87' lang='grc' dir='ltr'><strong><em>προονσίον</em></strong></span> <span class='ocrx_word' id='word_1_63' title='bbox 612 1188 855 1275; x_wconf 83' lang='grc' dir='ltr'><strong><em>αὐταρκούντος</em></strong></span> <span class='ocrx_word' id='word_1_64' title='bbox 883 1184 1010 1276; x_wconf 82' lang='grc' dir='ltr'><strong><em>πατρὸς</em></strong></span> <span class='ocrx_word' id='word_1_65' title='bbox 1030 1192 1131 1254; x_wconf 84' lang='grc' dir='ltr'><em>θεοῦ·</em></span> <span class='ocrx_word' id='word_1_66' title='bbox 1160 1192 1216 1254; x_wconf 80' lang='grc' dir='ltr'><strong>καὶ</strong></span> <span class='ocrx_word' id='word_1_67' title='bbox 1237 1187 1260 1268; x_wconf 82' lang='grc' dir='ltr'><strong><em>ἡ</em></strong></span> 
     </span>
     <span class='ocr_line' id='line_1_9' title="bbox 207 1295 1261 1387; baseline 0.001 -24"><span class='ocrx_word' id='word_1_68' title='bbox 207 1301 267 1382; x_wconf 77' lang='grc' dir='ltr'><em>μὲν</em></span> <span class='ocrx_word' id='word_1_69' title='bbox 296 1295 389 1378; x_wconf 83' lang='grc' dir='ltr'><strong><em>σώζει</em></strong></span> <span class='ocrx_word' id='word_1_70' title='bbox 417 1299 478 1378; x_wconf 80' lang='grc' dir='ltr'><em>την</em></span> <span class='ocrx_word' id='word_1_71' title='bbox 508 1297 678 1382; x_wconf 75' lang='grc' dir='ltr'><strong>ἀληθινὴν</strong></span> <span class='ocrx_word' id='word_1_72' title='bbox 713 1297 799 1381; x_wconf 78' lang='grc' dir='ltr'><em>ζωὴν</em></span> <span class='ocrx_word' id='word_1_73' title='bbox 827 1304 880 1367; x_wconf 72' lang='grc' dir='ltr'><strong>ἐπὶ</strong></span> <span class='ocrx_word' id='word_1_74' title='bbox 909 1297 968 1367; x_wconf 84' lang='grc' dir='ltr'><em>τὸν</em></span> <span class='ocrx_word' id='word_1_75' title='bbox 1004 1306 1130 1387; x_wconf 79' lang='grc' dir='ltr'><strong><em>πατέρα</em></strong></span> <span class='ocrx_word' id='word_1_76' title='bbox 1158 1297 1261 1380; x_wconf 79' lang='grc' dir='ltr'><strong><em>αὐτῆς</em></strong></span> 
     </span>
     <span class='ocr_line' id='line_1_10' title="bbox 174 1407 1260 1499; baseline -0.001 -22"><span class='ocrx_word' id='word_1_77' title='bbox 174 1407 389 1494; x_wconf 76' lang='grc' dir='ltr'><strong><em>εὐνοίγοοσα,</em></strong></span> <span class='ocrx_word' id='word_1_78' title='bbox 411 1409 433 1492; x_wconf 81' lang='grc' dir='ltr'><em>ἡ</em></span> <span class='ocrx_word' id='word_1_79' title='bbox 457 1413 491 1477; x_wconf 80' lang='grc' dir='ltr'><strong>δὲ</strong></span> <span class='ocrx_word' id='word_1_80' title='bbox 512 1409 647 1495; x_wconf 77' lang='grc' dir='ltr'><strong><em>κατάγει</em></strong></span> <span class='ocrx_word' id='word_1_81' title='bbox 667 1407 727 1479; x_wconf 83' lang='grc' dir='ltr'><em>τὸν</em></span> <span class='ocrx_word' id='word_1_82' title='bbox 742 1415 966 1498; x_wconf 83' lang='grc' dir='ltr'><strong><em>γεναρχοῦντα</em></strong></span> <span class='ocrx_word' id='word_1_83' title='bbox 981 1408 1166 1499; x_wconf 80' lang='grc' dir='ltr'><strong><em>ι’ίνθρωιτον</em></strong></span> <span class='ocrx_word' id='word_1_84' title='bbox 1184 1407 1260 1498; x_wconf 77' lang='grc' dir='ltr'><strong><em>ἄχρι</em></strong></span> 
     </span>
     <span class='ocr_line' id='line_1_11' title="bbox 208 1514 1259 1610; baseline 0.003 -24"><span class='ocrx_word' id='word_1_85' title='bbox 208 1525 268 1588; x_wconf 82' lang='grc' dir='ltr'><strong>τοῦ</strong></span> <span class='ocrx_word' id='word_1_86' title='bbox 288 1525 450 1606; x_wconf 76' lang='grc' dir='ltr'><strong><em>μηδέποτε</em></strong></span> <span class='ocrx_word' id='word_1_87' title='bbox 472 1528 632 1608; x_wconf 74' lang='grc' dir='ltr'><em>μένοντος</em></span> <span class='ocrx_word' id='word_1_88' title='bbox 654 1522 726 1589; x_wconf 76' lang='grc' dir='ltr'><strong><em>ἀλλ’</em></strong></span> <span class='ocrx_word' id='word_1_89' title='bbox 748 1521 800 1589; x_wconf 80' lang='grc' dir='ltr'><strong><em>ἀεὶ</em></strong></span> <span class='ocrx_word' id='word_1_90' title='bbox 822 1526 965 1610; x_wconf 81' lang='grc' dir='ltr'><strong><em>ῥέοντος.</em></strong></span> <span class='ocrx_word' id='word_1_91' title='bbox 1010 1520 1094 1604; x_wconf 87' lang='grc' dir='ltr'><strong>αὐτη</strong></span> <span class='ocrx_word' id='word_1_92' title='bbox 1116 1526 1177 1608; x_wconf 79' lang='grc' dir='ltr'><em>μὲν</em></span> <span class='ocrx_word' id='word_1_93' title='bbox 1200 1514 1259 1589; x_wconf 86' lang='grc' dir='ltr'><strong>οὐν</strong></span> 
     </span>
     <span class='ocr_line' id='line_1_12' title="bbox 207 1630 1259 1723; baseline 0.002 -26"><span class='ocrx_word' id='word_1_94' title='bbox 207 1638 355 1700; x_wconf 87' lang='grc' dir='ltr'><strong>νοείσθω</strong></span> <span class='ocrx_word' id='word_1_95' title='bbox 380 1655 433 1700; x_wconf 93' lang='grc' dir='ltr'><strong>σοι</strong></span> <span class='ocrx_word' id='word_1_96' title='bbox 454 1631 566 1720; x_wconf 79' lang='grc' dir='ltr'><strong><em>πρώτη</em></strong></span> <span class='ocrx_word' id='word_1_97' title='bbox 588 1637 648 1714; x_wconf 83' lang='grc' dir='ltr'><strong>τῆς</strong></span> <span class='ocrx_word' id='word_1_98' title='bbox 670 1634 881 1720; x_wconf 83' lang='grc' dir='ltr'><strong>εὐδαιμονίας</strong></span> <span class='ocrx_word' id='word_1_99' title='bbox 896 1633 982 1716; x_wconf 85' lang='grc' dir='ltr'><strong><em>ὁδός,</em></strong></span> <span class='ocrx_word' id='word_1_100' title='bbox 1003 1630 1124 1723; x_wconf 84' lang='grc' dir='ltr'><strong><em>νοερύν</em></strong></span> <span class='ocrx_word' id='word_1_101' title='bbox 1139 1638 1259 1720; x_wconf 80' lang='grc' dir='ltr'><strong><em>ίχονσα</em></strong></span> 
     </span>
     <span class='ocr_line' id='line_1_13' title="bbox 156 1743 1260 1834; baseline 0.002 -26"><span class='ocrx_word' id='word_1_102' title='bbox 156 1758 190 1808; x_wconf 80' lang='lat'><strong>12</strong></span> <span class='ocrx_word' id='word_1_103' title='bbox 208 1748 266 1826; x_wconf 83' lang='grc' dir='ltr'><strong>τῆς</strong></span> <span class='ocrx_word' id='word_1_104' title='bbox 288 1749 388 1823; x_wconf 82' lang='grc' dir='ltr'><strong><em>θείας</em></strong></span> <span class='ocrx_word' id='word_1_105' title='bbox 410 1744 554 1823; x_wconf 82' lang='grc' dir='ltr'><strong><em>ίνώσεως</em></strong></span> <span class='ocrx_word' id='word_1_106' title='bbox 575 1743 811 1831; x_wconf 80' lang='grc' dir='ltr'><strong><em>ἀποπλήρωσιν</em></strong></span> <span class='ocrx_word' id='word_1_107' title='bbox 832 1750 902 1812; x_wconf 84' lang='grc' dir='ltr'><em>τῶν</em></span> <span class='ocrx_word' id='word_1_108' title='bbox 923 1749 1047 1834; x_wconf 80' lang='grc' dir='ltr'><strong><em>ψυχῶν,</em></strong></span> <span class='ocrx_word' id='word_1_109' title='bbox 1075 1746 1097 1827; x_wconf 81' lang='grc' dir='ltr'><strong><em>ἡ</em></strong></span> <span class='ocrx_word' id='word_1_110' title='bbox 1122 1745 1151 1812; x_wconf 81' lang='grc' dir='ltr'><strong>δ’</strong></span> <span class='ocrx_word' id='word_1_111' title='bbox 1171 1752 1260 1832; x_wconf 85' lang='grc' dir='ltr'><strong><em>ἱερα-</em></strong></span> 
     </span>
     <span class='ocr_line' id='line_1_14' title="bbox 208 1853 1260 1944; baseline 0 -22"><span class='ocrx_word' id='word_1_112' title='bbox 208 1853 280 1936; x_wconf 81' lang='grc' dir='ltr'><strong><em>τιιιὴ</em></strong></span> <span class='ocrx_word' id='word_1_113' title='bbox 301 1860 357 1922; x_wconf 87' lang='grc' dir='ltr'><strong>καὶ</strong></span> <span class='ocrx_word' id='word_1_114' title='bbox 380 1853 560 1943; x_wconf 83' lang='grc' dir='ltr'><strong><em>θεονργικὴ</em></strong></span> <span class='ocrx_word' id='word_1_115' title='bbox 582 1859 642 1939; x_wconf 77' lang='grc' dir='ltr'><strong>τῆς</strong></span> <span class='ocrx_word' id='word_1_116' title='bbox 671 1857 882 1944; x_wconf 77' lang='grc' dir='ltr'><strong><em>εὐδαιμονίας</em></strong></span> <span class='ocrx_word' id='word_1_117' title='bbox 910 1854 1002 1934; x_wconf 82' lang='grc' dir='ltr'><strong><em>δόσις</em></strong></span> <span class='ocrx_word' id='word_1_118' title='bbox 1029 1861 1178 1924; x_wconf 86' lang='grc' dir='ltr'><strong><em>καλεῖται</em></strong></span> <span class='ocrx_word' id='word_1_119' title='bbox 1199 1861 1260 1942; x_wconf 76' lang='grc' dir='ltr'><em>μὲν</em></span> 
     </span>
     <span class='ocr_line' id='line_1_15' title="bbox 208 1964 1259 2057; baseline 0.002 -25"><span class='ocrx_word' id='word_1_120' title='bbox 208 1965 302 2055; x_wconf 84' lang='grc' dir='ltr'><strong>θύρα</strong></span> <span class='ocrx_word' id='word_1_121' title='bbox 324 1966 408 2055; x_wconf 84' lang='grc' dir='ltr'><strong><em>πρός</em></strong></span> <span class='ocrx_word' id='word_1_122' title='bbox 429 1966 515 2037; x_wconf 84' lang='grc' dir='ltr'><strong><em>θεὸν</em></strong></span> <span class='ocrx_word' id='word_1_123' title='bbox 538 1965 596 2036; x_wconf 84' lang='grc' dir='ltr'><em>τὸν</em></span> <span class='ocrx_word' id='word_1_124' title='bbox 619 1964 819 2057; x_wconf 76' lang='grc' dir='ltr'><strong><em>δημιουργὸν</em></strong></span> <span class='ocrx_word' id='word_1_125' title='bbox 847 1973 912 2036; x_wconf 83' lang='grc' dir='ltr'><em>τῶν</em></span> <span class='ocrx_word' id='word_1_126' title='bbox 941 1967 1042 2048; x_wconf 88' lang='grc' dir='ltr'><strong><em>ὅλων,</em></strong></span> <span class='ocrx_word' id='word_1_127' title='bbox 1070 1966 1093 2050; x_wconf 81' lang='grc' dir='ltr'><strong><em>ἢ</em></strong></span> <span class='ocrx_word' id='word_1_128' title='bbox 1115 1966 1216 2045; x_wconf 84' lang='grc' dir='ltr'><strong><em>τόπος</em></strong></span> <span class='ocrx_word' id='word_1_129' title='bbox 1237 1964 1259 2047; x_wconf 82' lang='grc' dir='ltr'><em>ἢ</em></span> 
     </span>
     <span class='ocr_line' id='line_1_16' title="bbox 157 2074 1260 2167; baseline -0.003 -21"><span class='ocrx_word' id='word_1_130' title='bbox 157 2095 189 2146; x_wconf 82' lang='grc'><strong>15</strong></span> <span class='ocrx_word' id='word_1_131' title='bbox 208 2074 291 2160; x_wconf 83' lang='grc' dir='ltr'><strong>αὐλύ</strong></span> <span class='ocrx_word' id='word_1_132' title='bbox 313 2085 373 2147; x_wconf 82' lang='grc' dir='ltr'><strong>τοῦ</strong></span> <span class='ocrx_word' id='word_1_133' title='bbox 395 2080 549 2165; x_wconf 82' lang='grc' dir='ltr'><strong><em>ἀγαθοῦ·</em></strong></span> <span class='ocrx_word' id='word_1_134' title='bbox 578 2079 718 2165; x_wconf 81' lang='grc' dir='ltr'><strong><em>δύναμιν</em></strong></span> <span class='ocrx_word' id='word_1_135' title='bbox 747 2079 776 2146; x_wconf 85' lang='grc' dir='ltr'><strong>δ’</strong></span> <span class='ocrx_word' id='word_1_136' title='bbox 797 2084 859 2167; x_wconf 68' lang='grc' dir='ltr'><strong><em>ἔχει</em></strong></span> <span class='ocrx_word' id='word_1_137' title='bbox 882 2077 1014 2163; x_wconf 78' lang='grc' dir='ltr'><strong><em>πρώτην</em></strong></span> <span class='ocrx_word' id='word_1_138' title='bbox 1037 2084 1098 2167; x_wconf 84' lang='grc' dir='ltr'><em>μὲν</em></span> <span class='ocrx_word' id='word_1_139' title='bbox 1123 2078 1260 2164; x_wconf 82' lang='grc' dir='ltr'><strong><em>ἁγνείαν</em></strong></span> 
     </span>
     <span class='ocr_line' id='line_1_17' title="bbox 207 2187 1260 2280; baseline 0 -24"><span class='ocrx_word' id='word_1_140' title='bbox 207 2194 267 2271; x_wconf 84' lang='grc' dir='ltr'><strong>τῆς</strong></span> <span class='ocrx_word' id='word_1_141' title='bbox 287 2194 396 2280; x_wconf 80' lang='grc' dir='ltr'><strong><em>ψυχῆς</em></strong></span> <span class='ocrx_word' id='word_1_142' title='bbox 423 2187 509 2259; x_wconf 84' lang='grc' dir='ltr'><strong><em>πολὺ</em></strong></span> <span class='ocrx_word' id='word_1_143' title='bbox 533 2194 735 2277; x_wconf 83' lang='grc' dir='ltr'><strong>τελειοτέραν</strong></span> <span class='ocrx_word' id='word_1_144' title='bbox 763 2195 823 2269; x_wconf 80' lang='grc' dir='ltr'><strong>τῆς</strong></span> <span class='ocrx_word' id='word_1_145' title='bbox 848 2194 908 2256; x_wconf 83' lang='grc' dir='ltr'><strong>τοῦ</strong></span> <span class='ocrx_word' id='word_1_146' title='bbox 935 2189 1089 2275; x_wconf 83' lang='grc' dir='ltr'><strong><em>σώματος</em></strong></span> <span class='ocrx_word' id='word_1_147' title='bbox 1116 2190 1260 2276; x_wconf 81' lang='grc' dir='ltr'><strong><em>ἁγνείας,</em></strong></span> 
     </span>
    </p>
   </div>
   <div class='ocr_carea' id='block_1_4' title="bbox 276 2450 1258 2958">
    <p class='ocr_par' dir='ltr' id='par_1_4' title="bbox 276 2450 1258 2958">
     <span class='ocr_line' id='line_1_18' title="bbox 277 2450 1258 2526; baseline 0 -20"><span class='ocrx_word' id='word_1_148' title='bbox 277 2456 302 2506; x_wconf 85' lang='grc'><strong>2.</strong></span> <span class='ocrx_word' id='word_1_149' title='bbox 327 2452 433 2525; x_wconf 81' lang='grc' dir='ltr'><strong><em>χειρῶν]</em></strong></span> <span class='ocrx_word' id='word_1_150' title='bbox 461 2458 562 2526; x_wconf 77' lang='grc' dir='ltr'><strong><em>χωρίων</em></strong></span> <span class='ocrx_word' id='word_1_151' title='bbox 589 2454 623 2505; x_wconf 86' lang='lat' dir='ltr'><strong>D.</strong></span> <span class='ocrx_word' id='word_1_152' title='bbox 774 2456 799 2506; x_wconf 84' lang='lat'><strong>3.</strong></span> <span class='ocrx_word' id='word_1_153' title='bbox 825 2450 940 2520; x_wconf 83' lang='grc' dir='ltr'><em>νοητῶν]</em></span> <span class='ocrx_word' id='word_1_154' title='bbox 967 2452 1002 2502; x_wconf 87' lang='lat' dir='ltr'><strong>sic</strong></span> <span class='ocrx_word' id='word_1_155' title='bbox 1024 2455 1060 2517; x_wconf 79' lang='lat' dir='ltr'><strong>A,</strong></span> <span class='ocrx_word' id='word_1_156' title='bbox 1091 2451 1196 2520; x_wconf 77' lang='grc' dir='ltr'><em>θνητῶν</em></span> <span class='ocrx_word' id='word_1_157' title='bbox 1223 2454 1258 2507; x_wconf 91' lang='grc'><strong>0.</strong></span> 
     </span>
     <span class='ocr_line' id='line_1_19' title="bbox 277 2535 1257 2611; baseline 0 -19"><span class='ocrx_word' id='word_1_158' title='bbox 277 2541 301 2593; x_wconf 75' lang='lat' dir='ltr'><strong>d.</strong></span> <span class='ocrx_word' id='word_1_159' title='bbox 330 2539 441 2611; x_wconf 84' lang='grc' dir='ltr'><strong><em>πρόησιν</em></strong></span> <span class='ocrx_word' id='word_1_160' title='bbox 458 2541 490 2593; x_wconf 93' lang='grc' dir='ltr'><strong>Β.</strong></span> <span class='ocrx_word' id='word_1_161' title='bbox 581 2541 604 2593; x_wconf 85' lang='grc'><strong>6.</strong></span> <span class='ocrx_word' id='word_1_162' title='bbox 633 2535 683 2592; x_wconf 68' lang='grc' dir='ltr'><strong>ἀπ’</strong></span> <span class='ocrx_word' id='word_1_163' title='bbox 694 2535 778 2592; x_wconf 81' lang='grc' dir='ltr'><strong><em>αὐτοῦ</em></strong></span> <span class='ocrx_word' id='word_1_164' title='bbox 802 2558 853 2591; x_wconf 88' lang='lat' dir='ltr'><strong>om.</strong></span> <span class='ocrx_word' id='word_1_165' title='bbox 873 2540 905 2590; x_wconf 87' lang='lat' dir='ltr'><strong>D.</strong></span> <span class='ocrx_word' id='word_1_166' title='bbox 996 2542 1019 2591; x_wconf 81' lang='lat'><strong>7.</strong></span> <span class='ocrx_word' id='word_1_167' title='bbox 1047 2542 1178 2610; x_wconf 89' lang='grc' dir='ltr'><strong><em>προοσίου</em></strong></span> <span class='ocrx_word' id='word_1_168' title='bbox 1197 2539 1257 2605; x_wconf 74' lang='lat' dir='ltr'><strong>Reg.</strong></span> 
     </span>
     <span class='ocr_line' id='line_1_20' title="bbox 288 2619 1257 2698; baseline -0.002 -20"><span class='ocrx_word' id='word_1_169' title='bbox 288 2619 301 2694; x_wconf 88' lang='grc' dir='ltr'><strong>ΙΙ</strong></span> <span class='ocrx_word' id='word_1_170' title='bbox 313 2622 513 2696; x_wconf 79' lang='grc' dir='ltr'><strong><em>αὐταρχοῖινιος</em></strong></span> <span class='ocrx_word' id='word_1_171' title='bbox 525 2626 554 2678; x_wconf 89' lang='lat' dir='ltr'><strong>C.</strong></span> <span class='ocrx_word' id='word_1_172' title='bbox 567 2621 579 2695; x_wconf 80' lang='grc' dir='ltr'><strong>ΙΙ</strong></span> <span class='ocrx_word' id='word_1_173' title='bbox 592 2625 709 2698; x_wconf 85' lang='grc' dir='ltr'><strong><em>πατρὸς]</em></strong></span> <span class='ocrx_word' id='word_1_174' title='bbox 728 2625 795 2697; x_wconf 79' lang='grc' dir='ltr'><strong><em>πρὸς</em></strong></span> <span class='ocrx_word' id='word_1_175' title='bbox 813 2627 846 2678; x_wconf 84' lang='lat' dir='ltr'><strong>D.</strong></span> <span class='ocrx_word' id='word_1_176' title='bbox 919 2627 961 2677; x_wconf 87' lang='lat'><strong>11.</strong></span> <span class='ocrx_word' id='word_1_177' title='bbox 990 2623 1078 2696; x_wconf 79' lang='grc' dir='ltr'><strong><em>πρώτη</em></strong></span> <span class='ocrx_word' id='word_1_178' title='bbox 1095 2623 1159 2693; x_wconf 78' lang='grc' dir='ltr'><strong>τῆς]</strong></span> <span class='ocrx_word' id='word_1_179' title='bbox 1177 2624 1212 2676; x_wconf 84' lang='lat' dir='ltr'><strong>sic</strong></span> <span class='ocrx_word' id='word_1_180' title='bbox 1224 2627 1257 2687; x_wconf 74' lang='lat' dir='ltr'><strong>A,</strong></span> 
     </span>
     <span class='ocr_line' id='line_1_21' title="bbox 277 2707 1257 2784; baseline -0.003 -18"><span class='ocrx_word' id='word_1_181' title='bbox 277 2714 330 2783; x_wconf 81' lang='grc' dir='ltr'><strong>πρὸ</strong></span> <span class='ocrx_word' id='word_1_182' title='bbox 354 2715 399 2781; x_wconf 74' lang='grc' dir='ltr'><strong>τῆς</strong></span> <span class='ocrx_word' id='word_1_183' title='bbox 421 2712 457 2776; x_wconf 89' lang='grc' dir='ltr'><strong>Β,</strong></span> <span class='ocrx_word' id='word_1_184' title='bbox 485 2713 573 2784; x_wconf 77' lang='grc' dir='ltr'><strong><em>πρώτη</em></strong></span> <span class='ocrx_word' id='word_1_185' title='bbox 596 2714 629 2767; x_wconf 93' lang='lat'><strong>0.</strong></span> <span class='ocrx_word' id='word_1_186' title='bbox 651 2707 663 2782; x_wconf 74' lang='lat' dir='ltr'><strong>ll</strong></span> <span class='ocrx_word' id='word_1_187' title='bbox 684 2711 745 2772; x_wconf 80' lang='grc' dir='ltr'><strong><em>ὁδός</em></strong></span> <span class='ocrx_word' id='word_1_188' title='bbox 771 2732 823 2765; x_wconf 85' lang='lat' dir='ltr'><strong>om.</strong></span> <span class='ocrx_word' id='word_1_189' title='bbox 847 2712 880 2764; x_wconf 90' lang='lat' dir='ltr'><strong>D.</strong></span> <span class='ocrx_word' id='word_1_190' title='bbox 988 2713 1030 2764; x_wconf 82' lang='grc'><strong>14.</strong></span> <span class='ocrx_word' id='word_1_191' title='bbox 1056 2710 1140 2777; x_wconf 80' lang='grc' dir='ltr'><strong><em>θεὸν]</em></strong></span> <span class='ocrx_word' id='word_1_192' title='bbox 1167 2732 1196 2764; x_wconf 84' lang='grc' dir='ltr'><strong><em>τε</em></strong></span> <span class='ocrx_word' id='word_1_193' title='bbox 1223 2711 1257 2764; x_wconf 93' lang='lat'><strong>0.</strong></span> 
     </span>
     <span class='ocr_line' id='line_1_22' title="bbox 287 2792 1258 2868; baseline -0.003 -17"><span class='ocrx_word' id='word_1_194' title='bbox 287 2793 300 2867; x_wconf 86' lang='grc' dir='ltr'><strong>ΙΙ</strong></span> <span class='ocrx_word' id='word_1_195' title='bbox 312 2800 359 2851; x_wconf 88' lang='grc' dir='ltr'><strong>τύν</strong></span> <span class='ocrx_word' id='word_1_196' title='bbox 377 2819 429 2852; x_wconf 84' lang='lat' dir='ltr'><strong>om.</strong></span> <span class='ocrx_word' id='word_1_197' title='bbox 446 2801 481 2852; x_wconf 89' lang='lat' dir='ltr'><strong>D.</strong></span> <span class='ocrx_word' id='word_1_198' title='bbox 559 2801 600 2852; x_wconf 81' lang='lat'><strong>15.</strong></span> <span class='ocrx_word' id='word_1_199' title='bbox 627 2796 710 2868; x_wconf 71' lang='grc' dir='ltr'><strong><em>αὐλὴ]</em></strong></span> <span class='ocrx_word' id='word_1_200' title='bbox 730 2794 798 2866; x_wconf 75' lang='grc' dir='ltr'><strong>αὐτη</strong></span> <span class='ocrx_word' id='word_1_201' title='bbox 816 2798 849 2848; x_wconf 82' lang='lat' dir='ltr'><strong>D.</strong></span> <span class='ocrx_word' id='word_1_202' title='bbox 871 2792 883 2865; x_wconf 82' lang='grc' dir='ltr'><strong>ΙΙ</strong></span> <span class='ocrx_word' id='word_1_203' title='bbox 904 2797 1011 2866; x_wconf 75' lang='grc' dir='ltr'><strong><em>ἁγνείας</em></strong></span> <span class='ocrx_word' id='word_1_204' title='bbox 1029 2798 1072 2850; x_wconf 94' lang='grc'><strong>0..</strong></span> <span class='ocrx_word' id='word_1_205' title='bbox 1143 2798 1185 2850; x_wconf 86' lang='grc'><strong>16.</strong></span> <span class='ocrx_word' id='word_1_206' title='bbox 1211 2796 1258 2865; x_wconf 71' lang='grc' dir='ltr'><strong>τῆς</strong></span> 
     </span>
     <span class='ocr_line' id='line_1_23' title="bbox 276 2885 654 2958; baseline 0 -20"><span class='ocrx_word' id='word_1_207' title='bbox 276 2901 332 2953; x_wconf 83' lang='lat' dir='ltr'><strong>post</strong></span> <span class='ocrx_word' id='word_1_208' title='bbox 350 2889 513 2958; x_wconf 67' lang='grc' dir='ltr'><strong><em>τελεωτέραν</em></strong></span> <span class='ocrx_word' id='word_1_209' title='bbox 530 2906 583 2938; x_wconf 88' lang='lat' dir='ltr'><strong>om.</strong></span> <span class='ocrx_word' id='word_1_210' title='bbox 601 2885 654 2939; x_wconf 80' lang='lat' dir='ltr'><strong>AC.</strong></span> 
     </span>
    </p>
   </div>
   <div class='ocr_carea' id='block_1_5' title="bbox 203 3112 1263 4396">
    <p class='ocr_par' dir='ltr' id='par_1_5' title="bbox 203 3112 1263 4396">
     <span class='ocr_line' id='line_1_24' title="bbox 206 3112 1258 3191; baseline 0 -23"><span class='ocrx_word' id='word_1_211' title='bbox 206 3112 348 3169; x_wconf 81' lang='lat' dir='ltr'><strong>admodum</strong></span> <span class='ocrx_word' id='word_1_212' title='bbox 366 3124 408 3170; x_wconf 88' lang='lat' dir='ltr'><strong>est</strong></span> <span class='ocrx_word' id='word_1_213' title='bbox 425 3114 555 3170; x_wconf 86' lang='lat' dir='ltr'><strong>malorum</strong></span> <span class='ocrx_word' id='word_1_214' title='bbox 573 3114 645 3182; x_wconf 81' lang='lat' dir='ltr'><strong>idea,</strong></span> <span class='ocrx_word' id='word_1_215' title='bbox 668 3117 726 3191; x_wconf 84' lang='lat' dir='ltr'><strong>ipsa</strong></span> <span class='ocrx_word' id='word_1_216' title='bbox 744 3113 876 3169; x_wconf 73' lang='lat' dir='ltr'><strong>bonmum</strong></span> <span class='ocrx_word' id='word_1_217' title='bbox 894 3113 995 3169; x_wconf 85' lang='lat' dir='ltr'><strong>oblivio</strong></span> <span class='ocrx_word' id='word_1_218' title='bbox 1020 3123 1047 3169; x_wconf 89' lang='lat' dir='ltr'><strong>et</strong></span> <span class='ocrx_word' id='word_1_219' title='bbox 1069 3115 1139 3169; x_wconf 84' lang='lat' dir='ltr'><strong>eirca</strong></span> <span class='ocrx_word' id='word_1_220' title='bbox 1161 3113 1258 3169; x_wconf 84' lang='lat' dir='ltr'><strong>malum</strong></span> 
     </span>
     <span class='ocr_line' id='line_1_25' title="bbox 207 3198 1257 3277; baseline 0.001 -22"><span class='ocrx_word' id='word_1_221' title='bbox 207 3220 291 3256; x_wconf 90' lang='lat' dir='ltr'><strong>error.</strong></span> <span class='ocrx_word' id='word_1_222' title='bbox 337 3203 455 3277; x_wconf 78' lang='lat' dir='ltr'><strong>cognitio</strong></span> <span class='ocrx_word' id='word_1_223' title='bbox 472 3212 562 3258; x_wconf 75' lang='lat' dir='ltr'><strong>autem</strong></span> <span class='ocrx_word' id='word_1_224' title='bbox 579 3200 625 3256; x_wconf 86' lang='lat' dir='ltr'><strong>illa</strong></span> <span class='ocrx_word' id='word_1_225' title='bbox 638 3199 772 3256; x_wconf 86' lang='lat' dir='ltr'><strong>divinitati</strong></span> <span class='ocrx_word' id='word_1_226' title='bbox 783 3199 862 3255; x_wconf 74' lang='lat' dir='ltr'><strong>affixa</strong></span> <span class='ocrx_word' id='word_1_227' title='bbox 874 3209 970 3266; x_wconf 84' lang='lat' dir='ltr'><strong>manet,</strong></span> <span class='ocrx_word' id='word_1_228' title='bbox 988 3198 1055 3254; x_wconf 89' lang='lat' dir='ltr'><strong>haec</strong></span> <span class='ocrx_word' id='word_1_229' title='bbox 1068 3198 1185 3254; x_wconf 80' lang='lat' dir='ltr'><strong>deterior</strong></span> <span class='ocrx_word' id='word_1_230' title='bbox 1198 3219 1257 3256; x_wconf 87' lang='lat' dir='ltr'><strong>sors</strong></span> 
     </span>
     <span class='ocr_line' id='line_1_26' title="bbox 207 3284 1258 3363; baseline 0.002 -23"><span class='ocrx_word' id='word_1_231' title='bbox 207 3285 320 3342; x_wconf 87' lang='lat' dir='ltr'><strong>archus</strong></span> <span class='ocrx_word' id='word_1_232' title='bbox 342 3287 499 3344; x_wconf 82' lang='lat' dir='ltr'><strong>mortalibus</strong></span> <span class='ocrx_word' id='word_1_233' title='bbox 521 3287 601 3344; x_wconf 82' lang='lat' dir='ltr'><strong>avelli</strong></span> <span class='ocrx_word' id='word_1_234' title='bbox 623 3306 678 3342; x_wconf 91' lang='lat' dir='ltr'><strong>nou</strong></span> <span class='ocrx_word' id='word_1_235' title='bbox 700 3295 805 3363; x_wconf 82' lang='lat' dir='ltr'><strong>potcst3</strong></span> <span class='ocrx_word' id='word_1_236' title='bbox 828 3285 875 3341; x_wconf 88' lang='lat' dir='ltr'><strong>illa</strong></span> <span class='ocrx_word' id='word_1_237' title='bbox 896 3284 1105 3360; x_wconf 84' lang='lat' dir='ltr'><strong>intelligibilium</strong></span> <span class='ocrx_word' id='word_1_238' title='bbox 1128 3289 1258 3343; x_wconf 83' lang='lat' dir='ltr'><strong>essentias</strong></span> 
     </span>
     <span class='ocr_line' id='line_1_27' title="bbox 206 3372 1258 3452; baseline -0.001 -23"><span class='ocrx_word' id='word_1_239' title='bbox 206 3393 256 3450; x_wconf 89' lang='lat' dir='ltr'><strong>per</strong></span> <span class='ocrx_word' id='word_1_240' title='bbox 274 3377 467 3431; x_wconf 75' lang='lat' dir='ltr'><strong>sanctimoniae</strong></span> <span class='ocrx_word' id='word_1_241' title='bbox 484 3377 542 3430; x_wconf 80' lang='lat' dir='ltr'><strong>rias</strong></span> <span class='ocrx_word' id='word_1_242' title='bbox 559 3375 731 3452; x_wconf 78' lang='lat' dir='ltr'><strong>pervestigat,</strong></span> <span class='ocrx_word' id='word_1_243' title='bbox 756 3373 822 3429; x_wconf 86' lang='lat' dir='ltr'><strong>baec</strong></span> <span class='ocrx_word' id='word_1_244' title='bbox 840 3393 855 3426; x_wconf 85' lang='lat' dir='ltr'><strong>a</strong></span> <span class='ocrx_word' id='word_1_245' title='bbox 872 3372 1014 3449; x_wconf 82' lang='lat' dir='ltr'><strong>principiis</strong></span> <span class='ocrx_word' id='word_1_246' title='bbox 1033 3392 1124 3429; x_wconf 86' lang='lat' dir='ltr'><strong>errans</strong></span> <span class='ocrx_word' id='word_1_247' title='bbox 1143 3372 1258 3429; x_wconf 88' lang='lat' dir='ltr'><strong>demittit</strong></span> 
     </span>
     <span class='ocr_line' id='line_1_28' title="bbox 206 3457 1257 3538; baseline 0 -24"><span class='ocrx_word' id='word_1_248' title='bbox 206 3480 236 3514; x_wconf 88' lang='lat' dir='ltr'><strong>se</strong></span> <span class='ocrx_word' id='word_1_249' title='bbox 253 3460 287 3515; x_wconf 90' lang='lat' dir='ltr'><strong>ad</strong></span> <span class='ocrx_word' id='word_1_250' title='bbox 307 3460 460 3538; x_wconf 77' lang='lat' dir='ltr'><strong>corporales</strong></span> <span class='ocrx_word' id='word_1_251' title='bbox 478 3461 553 3516; x_wconf 86' lang='lat' dir='ltr'><strong>ideas</strong></span> <span class='ocrx_word' id='word_1_252' title='bbox 570 3459 802 3537; x_wconf 58' lang='lat' dir='ltr'><strong>contemplandam</strong></span> <span class='ocrx_word' id='word_1_253' title='bbox 820 3457 866 3514; x_wconf 86' lang='lat' dir='ltr'><strong>illa</strong></span> <span class='ocrx_word' id='word_1_254' title='bbox 885 3468 926 3514; x_wconf 88' lang='lat' dir='ltr'><strong>est</strong></span> <span class='ocrx_word' id='word_1_255' title='bbox 938 3461 1024 3536; x_wconf 88' lang='lat' dir='ltr'><strong>ipsius</strong></span> <span class='ocrx_word' id='word_1_256' title='bbox 1035 3461 1120 3536; x_wconf 85' lang='lat' dir='ltr'><strong>patris</strong></span> <span class='ocrx_word' id='word_1_257' title='bbox 1133 3462 1257 3535; x_wconf 80' lang='lat' dir='ltr'><strong>cognitio,</strong></span> 
     </span>
     <span class='ocr_line' id='line_1_29' title="bbox 205 3544 1259 3623; baseline 0.003 -24"><span class='ocrx_word' id='word_1_258' title='bbox 205 3544 271 3601; x_wconf 88' lang='lat' dir='ltr'><strong>haec</strong></span> <span class='ocrx_word' id='word_1_259' title='bbox 289 3557 377 3602; x_wconf 89' lang='lat' dir='ltr'><strong>autem</strong></span> <span class='ocrx_word' id='word_1_260' title='bbox 394 3557 436 3603; x_wconf 89' lang='lat' dir='ltr'><strong>est</strong></span> <span class='ocrx_word' id='word_1_261' title='bbox 453 3547 589 3604; x_wconf 85' lang='lat' dir='ltr'><strong>discessus</strong></span> <span class='ocrx_word' id='word_1_262' title='bbox 607 3567 659 3601; x_wconf 87' lang='lat' dir='ltr'><strong>uua</strong></span> <span class='ocrx_word' id='word_1_263' title='bbox 677 3567 738 3602; x_wconf 89' lang='lat' dir='ltr'><strong>cum</strong></span> <span class='ocrx_word' id='word_1_264' title='bbox 756 3545 891 3602; x_wconf 83' lang='lat' dir='ltr'><strong>oblivione</strong></span> <span class='ocrx_word' id='word_1_265' title='bbox 909 3544 941 3600; x_wconf 88' lang='lat' dir='ltr'><strong>ab</strong></span> <span class='ocrx_word' id='word_1_266' title='bbox 960 3547 1020 3620; x_wconf 89' lang='lat' dir='ltr'><strong>ipso</strong></span> <span class='ocrx_word' id='word_1_267' title='bbox 1039 3544 1089 3600; x_wconf 90' lang='lat' dir='ltr'><strong>deo</strong></span> <span class='ocrx_word' id='word_1_268' title='bbox 1107 3555 1193 3623; x_wconf 86' lang='lat' dir='ltr'><strong>patre,</strong></span> <span class='ocrx_word' id='word_1_269' title='bbox 1212 3549 1259 3622; x_wconf 86' lang='lat' dir='ltr'><strong>qui</strong></span> 
     </span>
     <span class='ocr_line' id='line_1_30' title="bbox 206 3629 1258 3710; baseline 0 -22"><span class='ocrx_word' id='word_1_270' title='bbox 206 3642 248 3688; x_wconf 88' lang='lat' dir='ltr'><strong>est</strong></span> <span class='ocrx_word' id='word_1_271' title='bbox 266 3633 499 3710; x_wconf 88' lang='lat' dir='ltr'><strong>superessentialis</strong></span> <span class='ocrx_word' id='word_1_272' title='bbox 519 3645 546 3690; x_wconf 88' lang='lat' dir='ltr'><strong>et</strong></span> <span class='ocrx_word' id='word_1_273' title='bbox 563 3633 631 3689; x_wconf 89' lang='lat' dir='ltr'><strong>sibi·</strong></span> <span class='ocrx_word' id='word_1_274' title='bbox 648 3632 800 3700; x_wconf 81' lang='lat' dir='ltr'><strong>sufficiens3</strong></span> <span class='ocrx_word' id='word_1_275' title='bbox 818 3653 908 3688; x_wconf 85' lang='lat' dir='ltr'><strong>veram</strong></span> <span class='ocrx_word' id='word_1_276' title='bbox 926 3629 972 3687; x_wconf 88' lang='lat' dir='ltr'><strong>illa</strong></span> <span class='ocrx_word' id='word_1_277' title='bbox 990 3632 1073 3686; x_wconf 85' lang='lat' dir='ltr'><strong>vitam</strong></span> <span class='ocrx_word' id='word_1_278' title='bbox 1090 3642 1180 3688; x_wconf 86' lang='lat' dir='ltr'><strong>servat</strong></span> <span class='ocrx_word' id='word_1_279' title='bbox 1195 3653 1258 3708; x_wconf 83' lang='lat' dir='ltr'><strong>quo·</strong></span> 
     </span>
     <span class='ocr_line' id='line_1_31' title="bbox 206 3718 1258 3797; baseline 0.001 -23"><span class='ocrx_word' id='word_1_280' title='bbox 206 3721 278 3775; x_wconf 88' lang='lat' dir='ltr'><strong>niam</strong></span> <span class='ocrx_word' id='word_1_281' title='bbox 297 3719 330 3775; x_wconf 84' lang='lat' dir='ltr'><strong>ad</strong></span> <span class='ocrx_word' id='word_1_282' title='bbox 349 3722 392 3774; x_wconf 89' lang='lat' dir='ltr'><strong>sui</strong></span> <span class='ocrx_word' id='word_1_283' title='bbox 409 3730 514 3797; x_wconf 90' lang='lat' dir='ltr'><strong>patrem</strong></span> <span class='ocrx_word' id='word_1_284' title='bbox 531 3722 657 3788; x_wconf 64' lang='lat' dir='ltr'><strong>restituit,</strong></span> <span class='ocrx_word' id='word_1_285' title='bbox 680 3719 746 3776; x_wconf 88' lang='lat' dir='ltr'><strong>haec</strong></span> <span class='ocrx_word' id='word_1_286' title='bbox 764 3730 851 3775; x_wconf 85' lang='lat' dir='ltr'><strong>autem</strong></span> <span class='ocrx_word' id='word_1_287' title='bbox 868 3718 1004 3774; x_wconf 90' lang='lat' dir='ltr'><strong>hominem</strong></span> <span class='ocrx_word' id='word_1_288' title='bbox 1026 3719 1072 3792; x_wconf 86' lang='lat' dir='ltr'><strong>qui</strong></span> <span class='ocrx_word' id='word_1_289' title='bbox 1090 3721 1180 3795; x_wconf 81' lang='lat' dir='ltr'><strong>genesi</strong></span> <span class='ocrx_word' id='word_1_290' title='bbox 1198 3739 1258 3775; x_wconf 86' lang='lat' dir='ltr'><strong>esse</strong></span> 
     </span>
     <span class='ocr_line' id='line_1_32' title="bbox 206 3804 1258 3883; baseline -0.002 -21"><span class='ocrx_word' id='word_1_291' title='bbox 206 3816 301 3883; x_wconf 88' lang='lat' dir='ltr'><strong>posset</strong></span> <span class='ocrx_word' id='word_1_292' title='bbox 318 3808 441 3883; x_wconf 87' lang='lat' dir='ltr'><strong>superior</strong></span> <span class='ocrx_word' id='word_1_293' title='bbox 458 3826 543 3881; x_wconf 88' lang='lat' dir='ltr'><strong>usque</strong></span> <span class='ocrx_word' id='word_1_294' title='bbox 560 3805 595 3861; x_wconf 89' lang='lat' dir='ltr'><strong>ad</strong></span> <span class='ocrx_word' id='word_1_295' title='bbox 612 3806 641 3862; x_wconf 91' lang='lat' dir='ltr'><strong>id</strong></span> <span class='ocrx_word' id='word_1_296' title='bbox 659 3805 790 3874; x_wconf 85' lang='lat' dir='ltr'><strong>detrudit,</strong></span> <span class='ocrx_word' id='word_1_297' title='bbox 813 3804 886 3881; x_wconf 86' lang='lat' dir='ltr'><strong>quod</strong></span> <span class='ocrx_word' id='word_1_298' title='bbox 908 3813 1048 3881; x_wconf 86' lang='lat' dir='ltr'><strong>permanet</strong></span> <span class='ocrx_word' id='word_1_299' title='bbox 1072 3805 1180 3880; x_wconf 86' lang='lat' dir='ltr'><strong>quidem</strong></span> <span class='ocrx_word' id='word_1_300' title='bbox 1196 3824 1258 3861; x_wconf 85' lang='lat' dir='ltr'><strong>uus·</strong></span> 
     </span>
     <span class='ocr_line' id='line_1_33' title="bbox 205 3889 1256 3970; baseline -0.001 -24"><span class='ocrx_word' id='word_1_301' title='bbox 205 3913 284 3968; x_wconf 87' lang='lat' dir='ltr'><strong>quam</strong></span> <span class='ocrx_word' id='word_1_302' title='bbox 300 3903 485 3970; x_wconf 84' lang='lat' dir='ltr'><strong>perpetuoque</strong></span> <span class='ocrx_word' id='word_1_303' title='bbox 503 3893 622 3948; x_wconf 86' lang='lat' dir='ltr'><strong>influxu</strong></span> <span class='ocrx_word' id='word_1_304' title='bbox 639 3902 767 3948; x_wconf 82' lang='lat' dir='ltr'><strong>versatur.</strong></span> <span class='ocrx_word' id='word_1_305' title='bbox 812 3891 878 3947; x_wconf 87' lang='lat' dir='ltr'><strong>haec</strong></span> <span class='ocrx_word' id='word_1_306' title='bbox 895 3893 985 3966; x_wconf 85' lang='lat' dir='ltr'><strong>itaque</strong></span> <span class='ocrx_word' id='word_1_307' title='bbox 996 3889 1159 3968; x_wconf 84' lang='lat' dir='ltr'><strong>intelligatur</strong></span> <span class='ocrx_word' id='word_1_308' title='bbox 1170 3893 1256 3968; x_wconf 85' lang='lat' dir='ltr'><strong>prima</strong></span> 
     </span>
     <span class='ocr_line' id='line_1_34' title="bbox 204 3968 1262 4055; baseline -0.002 -23"><span class='ocrx_word' id='word_1_309' title='bbox 204 3977 339 4034; x_wconf 85' lang='lat' dir='ltr'><strong>felicitatis</strong></span> <span class='ocrx_word' id='word_1_310' title='bbox 358 3982 413 4049; x_wconf 85' lang='lat' dir='ltr'><strong>via,</strong></span> <span class='ocrx_word' id='word_1_311' title='bbox 438 3968 646 4035; x_wconf 84' lang='lat' dir='ltr'><strong>intellectualem</strong></span> <span class='ocrx_word' id='word_1_312' title='bbox 668 3977 769 4034; x_wconf 83' lang='lat' dir='ltr'><strong>habens</strong></span> <span class='ocrx_word' id='word_1_313' title='bbox 794 3980 901 4034; x_wconf 89' lang='lat' dir='ltr'><strong>unionis</strong></span> <span class='ocrx_word' id='word_1_314' title='bbox 925 3977 1031 4033; x_wconf 82' lang='lat' dir='ltr'><strong>divinae</strong></span> <span class='ocrx_word' id='word_1_315' title='bbox 1052 3996 1134 4055; x_wconf 86' lang='lat' dir='ltr'><strong>penes</strong></span> <span class='ocrx_word' id='word_1_316' title='bbox 1156 3981 1262 4032; x_wconf 81' lang='lat' dir='ltr'><strong>animas-</strong></span> 
     </span>
     <span class='ocr_line' id='line_1_35' title="bbox 203 4062 1263 4142; baseline -0.004 -22"><span class='ocrx_word' id='word_1_317' title='bbox 203 4064 403 4142; x_wconf 78' lang='lat' dir='ltr'><strong>pleuitudinem,</strong></span> <span class='ocrx_word' id='word_1_318' title='bbox 423 4086 498 4122; x_wconf 87' lang='lat' dir='ltr'><strong>sacra</strong></span> <span class='ocrx_word' id='word_1_319' title='bbox 515 4085 581 4122; x_wconf 86' lang='lat' dir='ltr'><strong>vero</strong></span> <span class='ocrx_word' id='word_1_320' title='bbox 599 4075 627 4120; x_wconf 89' lang='lat' dir='ltr'><strong>ct</strong></span> <span class='ocrx_word' id='word_1_321' title='bbox 645 4065 740 4120; x_wconf 88' lang='lat' dir='ltr'><strong>deifica</strong></span> <span class='ocrx_word' id='word_1_322' title='bbox 758 4062 895 4120; x_wconf 83' lang='lat' dir='ltr'><strong>felicitatis</strong></span> <span class='ocrx_word' id='word_1_323' title='bbox 912 4063 1021 4119; x_wconf 89' lang='lat' dir='ltr'><strong>traditio</strong></span> <span class='ocrx_word' id='word_1_324' title='bbox 1037 4063 1187 4141; x_wconf 87' lang='lat' dir='ltr'><strong>appellatur</strong></span> <span class='ocrx_word' id='word_1_325' title='bbox 1200 4064 1263 4137; x_wconf 71' lang='lat' dir='ltr'><strong>qui-.-</strong></span> 
     </span>
     <span class='ocr_line' id='line_1_36' title="bbox 204 4149 1256 4230; baseline -0.005 -22"><span class='ocrx_word' id='word_1_326' title='bbox 204 4152 265 4208; x_wconf 90' lang='lat' dir='ltr'><strong>dem</strong></span> <span class='ocrx_word' id='word_1_327' title='bbox 282 4162 360 4229; x_wconf 83' lang='lat' dir='ltr'><strong>porta</strong></span> <span class='ocrx_word' id='word_1_328' title='bbox 379 4152 412 4208; x_wconf 89' lang='lat' dir='ltr'><strong>ad</strong></span> <span class='ocrx_word' id='word_1_329' title='bbox 430 4155 519 4230; x_wconf 88' lang='lat' dir='ltr'><strong>ipsum</strong></span> <span class='ocrx_word' id='word_1_330' title='bbox 537 4154 654 4208; x_wconf 90' lang='lat' dir='ltr'><strong>omnium</strong></span> <span class='ocrx_word' id='word_1_331' title='bbox 671 4151 797 4229; x_wconf 86' lang='lat' dir='ltr'><strong>opificem</strong></span> <span class='ocrx_word' id='word_1_332' title='bbox 814 4151 905 4221; x_wconf 86' lang='lat' dir='ltr'><strong>deum,</strong></span> <span class='ocrx_word' id='word_1_333' title='bbox 930 4160 976 4207; x_wconf 85' lang='lat' dir='ltr'><strong>aut</strong></span> <span class='ocrx_word' id='word_1_334' title='bbox 992 4150 1071 4206; x_wconf 80' lang='lat' dir='ltr'><strong>sedes</strong></span> <span class='ocrx_word' id='word_1_335' title='bbox 1090 4159 1117 4203; x_wconf 92' lang='lat' dir='ltr'><strong>et</strong></span> <span class='ocrx_word' id='word_1_336' title='bbox 1132 4149 1198 4202; x_wconf 89' lang='lat' dir='ltr'><strong>boui</strong></span> <span class='ocrx_word' id='word_1_337' title='bbox 1215 4167 1256 4204; x_wconf 75' lang='lat' dir='ltr'><strong>re·</strong></span> 
     </span>
     <span class='ocr_line' id='line_1_37' title="bbox 204 4236 1254 4316; baseline -0.005 -23"><span class='ocrx_word' id='word_1_338' title='bbox 204 4241 259 4314; x_wconf 83' lang='lat' dir='ltr'><strong>gio:</strong></span> <span class='ocrx_word' id='word_1_339' title='bbox 279 4249 306 4294; x_wconf 87' lang='lat' dir='ltr'><strong>ct</strong></span> <span class='ocrx_word' id='word_1_340' title='bbox 322 4241 437 4316; x_wconf 88' lang='lat' dir='ltr'><strong>primam</strong></span> <span class='ocrx_word' id='word_1_341' title='bbox 454 4239 563 4316; x_wconf 88' lang='lat' dir='ltr'><strong>quidem</strong></span> <span class='ocrx_word' id='word_1_342' title='bbox 581 4237 737 4315; x_wconf 81' lang='lat' dir='ltr'><strong>qualitatem</strong></span> <span class='ocrx_word' id='word_1_343' title='bbox 754 4238 866 4314; x_wconf 79' lang='lat' dir='ltr'><strong>requirit</strong></span> <span class='ocrx_word' id='word_1_344' title='bbox 883 4240 986 4293; x_wconf 73' lang='lat' dir='ltr'><strong>animae</strong></span> <span class='ocrx_word' id='word_1_345' title='bbox 1004 4236 1170 4292; x_wconf 81' lang='lat' dir='ltr'><strong>sanctitatem</strong></span> <span class='ocrx_word' id='word_1_346' title='bbox 1182 4236 1254 4289; x_wconf 85' lang='lat' dir='ltr'><strong>omui</strong></span> 
     </span>
     <span class='ocr_line' id='line_1_38' title="bbox 1037 4340 1090 4396; baseline 0 0"><span class='ocrx_word' id='word_1_347' title='bbox 1037 4340 1090 4396; x_wconf 75' lang='lat'><strong>19*</strong></span> 
     </span>
    </p>
   </div>
   <div class='ocr_carea' id='block_1_6' title="bbox 0 0 1392 4876">
    <p class='ocr_par' dir='ltr' id='par_1_6' title="bbox 0 0 1392 4876">
     <span class='ocr_line' id='line_1_39' title="bbox 0 0 1392 4876; baseline 0 1"><span class='ocrx_word' id='word_1_348' title='bbox 0 0 1392 4876; x_wconf 95' lang='lat' dir='ltr'><strong> </strong></span> 
     </span>
    </p>
   </div>
  </div>
 </body>
</html>
