2776 4876
204 348 258 400 282
1207 341 1264 404 9,8

202 503 303 587 χωρίς
325 497 383 564 ἀπ’
402 495 554 579 ἀλλήλων
575 492 617 562 sd
640 492 828 584 ἐπάρχοντα
841 492 944 586 μόρια
959 499 1024 563 τῶν
1039 495 1172 562 πολλῶν
1188 497 1263 561 δαι·

205 609 328 697 μόνων.
373 620 477 687 ποιεῖς
499 611 534 675 δὲ
556 611 613 674 καὶ
635 613 670 673 ὲν
699 606 812 684 αὐτοῖς
834 611 1026 675 ἐναντίωσιν
1046 609 1114 672 τῶν
1134 609 1195 692 μὲν
1218 606 1264 685 ὡς

205 721 350 807 ἀγαθῶν
371 724 436 786 τῶν
459 722 494 786 δὲ
516 718 559 797 ὡς
581 716 727 810 φαύλων,
750 717 900 806 οὐδαμοῦ
921 723 986 785 τῶν
1008 719 1118 784 κακῶν
1139 715 1297 802 drapo-³

203 829 298 913 νικὴν
320 829 461 918 ἐχόντων
484 830 577 911 λῆξιν
599 828 674 897 οὐδὲ
696 829 829 911 λσαξίως
850 828 1163 919 ἀντιδιαιρουμένων
1189 838 1262 907 τοῖς

204 942 363 1028 ἀγαθοῖς.

166 1070 187 1130 8
290 1051 423 1123 ’Ἔπειτα
445 1049 570 1120 τούτων
584 1046 736 1130 ἀποστάς
750 1056 802 1118 ἐπὶ
817 1055 878 1138 μὲν
892 1047 953 1131 την
968 1046 1161 1141 φιλόσοφον
1175 1049 1262 1118 ἀπο·
1281 1076 1298 1126 6

204 1169 390 1243 λισδαίνεις
412 1161 523 1244 δόξαν,
545 1163 738 1252 ἀνατρέπεις
760 1158 878 1244 δὲτὴν
900 1159 1077 1247 ὅληνπερί
1099 1166 1161 1228 τοῦ
1174 1163 1262 1227 ίδίου

204 1280 364 1363 δαίμονος
385 1273 560 1342 ὑπόθεσιν.
605 1282 633 1341 et
654 1269 719 1361 γάρ
741 1278 840 1360 μέρος
861 1276 931 1340 ἐστὶ
951 1274 1012 1351 τῆς
1032 1276 1158 1362 ψυχῆς,
1186 1271 1261 1340 οἷον

203 1385 241 1457 τὸ
264 1386 390 1477 νοερόν,
412 1392 469 1453 καὶ
492 1378 589 1464 οὗτός
611 1392 700 1452 ἐστιν
722 1384 885 1471 εὐδαίμων
907 1381 999 1462 ὅστις
1019 1387 1101 1450 νούν
1114 1387 1298 1469 tyna-nom

204 1499 282 1590 αόν,
304 1503 351 1565 ἔτι
373 1503 468 1583 ἑτέρα
489 1496 582 1578 τάξις
605 1495 742 1581 οὐδεμία
764 1499 918 1581 κρείττων
932 1499 1024 1562 ίσται
1039 1491 1060 1576 η’
1078 1491 1260 1581 δαιμόνιος,

203 1612 416 1695 ἐπιβεβηκυῖα
439 1613 498 1690 τῆς
511 1609 730 1696 ἀνθρωπίνης
744 1610 853 1696 ψυχῆς
868 1606 912 1685 ὡς
925 1605 1136 1694 ὑπερέχουσα.
1174 1611 1261 1694 μέρη

203 1724 238 1785 δέ
260 1744 336 1786 τινα
351 1724 411 1800 τῆς
424 1724 535 1810 ψυχῆς
556 1717 578 1801 ἢ
600 1716 739 1805 δύναμις
753 1720 952 1810 διηρημίνως
972 1722 1151 1806 κυριωτέρα
1165 1720 1262 1785 ἔσται
1282 1737 1315 1787 12

202 1834 267 1896 τῶν
289 1828 449 1897 πλειόνων
472 1833 566 1897 εἰδῶν
586 1834 646 1910 τῆς
668 1837 703 1896 ἐν
731 1828 813 1915 ἡμῖν
830 1809 938 1910 ζωῆς,
965 1832 1021 1894 καί
1046 1831 1153 1895 ταῦτα
1176 1850 1261 1914 συμ-

203 1944 301 2033 φυῶς,
324 1939 398 2008 ἀλλ’
418 1941 477 2029 οὐχ
500 1940 543 2019 ὡς
564 1942 744 2031 ἐξῃρημένα
766 1934 853 2006 κατά
875 1937 976 2032 φύσιν
996 1938 1091 2024 ἡμῶν
1104 1942 1165 2018 τῆς
1179 1936 1262 2021 ὅλης

205 2051 393 2131 συστάσεως
415 2051 609 2141 ἐπάρχοντα.
627 2131 630 2136 ¹
1280 2077 1314 2127 15

273 2239 298 2289 6.
318 2235 615 2312 φιλόσοφονΙείερΟΙ),
634 2234 837 2308 φιλοσοφίαιΒ,
857 2235 1019 2303 φιλοσοφίας
1027 2231 1060 2283 0.
1110 2233 1167 2285 6.7.
1186 2229 1261 2286 ἀπο-

271 2320 408 2382 λισθανεις
422 2323 474 2386 AC,
493 2319 679 2377 ἀπολισθίνειν
695 2324 729 2385 D,
748 2323 944 2378 ἔπολισθαίνεις
957 2317 1021 2368 Gale
1029 2331 1080 2367 not
1173 2321 1200 2371 9.
1226 2321 1260 2372 τὸ

270 2407 377 2480 νοερὸν]
397 2408 444 2459 τὸν
461 2411 553 2481 νοερὸν
571 2412 605 2462 D.
695 2410 792 2462 9-10.
818 2401 1033 2475 εὐδαίμων-ἔτι
1050 2402 1260 2472 emh-lidum

271 2497 333 2547 νοῦν
351 2492 409 2560 etc]
428 2493 442 2546 ὁ
462 2497 510 2548 τάν
528 2495 590 2548 νοῖιν
608 2499 670 2560 ἔχων
688 2499 807 2566 ίμφρονα
827 2487 999 2545 eistatensis
1018 2491 1094 2562 ἕτερον
1112 2491 1201 2563 (ἕτερα
1222 2489 1259 2558 Α)

271 2580 344 2639 τάξις
373 2575 486 2650 οὐδεμία
509 2585 633 2651 κρείττων
654 2578 673 2648 ἦ
696 2577 831 2650 δαιμόνιος
854 2575 999 2647 (δαίμονος
1021 2574 1062 2638 Α)
1090 2579 1260 2646 ε’πιβεβηνυῖα

270 2663 418 2733 (enneminta
436 2665 472 2729 Α)
492 2666 570 2717 Act).
647 2703 649 2706 -
675 2669 717 2719 11.
743 2665 830 2734 ψυχης
848 2685 899 2716 om.
918 2666 976 2714 AD,
1083 2665 1125 2717 13.
1152 2662 1257 2730 ταῦτα]

271 2753 306 2802 sic
324 2752 405 2813 Act),
432 2750 521 2803 ταῦτα
534 2749 566 2803 οὐ
585 2753 619 2804 0.
684 2753 779 2804 13.14.
808 2749 910 2822 ίμφυῶς
929 2752 1053 2805 Galeam.
1120 2753 1164 2802 14.
1192 2747 1257 2817 οὐχ]

272 2837 306 2887 sic
324 2837 379 2898 AC,
397 2857 447 2888 om.
467 2837 499 2887 0.
650 2841 690 2891 15.
718 2835 883 2908 ἐπάρχοντα]
903 2838 939 2889 εἰσ
957 2840 1015 2905 AC,
1042 2839 1206 2910 ὑπερέχοντα
1225 2839 1258 2900 0,

271 2921 428 2993 ὑπάρχοντα
443 2921 493 2972 ΒΙ)
513 2936 536 2973 et
555 2923 618 2974 Gale
635 2938 688 2974 not.

201 3100 343 3158 absurdius
363 3109 413 3167 cst,
433 3101 457 3154 si
475 3118 528 3153 non
541 3101 699 3155 coniunctos
711 3103 783 3156 inter
795 3122 825 3157 se
838 3100 888 3157 sed
900 3101 1038 3177 dispersos
1050 3099 1102 3156 hos
1113 3100 1258 3156 daemonas

200 3186 292 3264 plures
311 3189 356 3262 qui
374 3185 496 3262 partibus
515 3187 669 3263 imperitant
691 3190 848 3243 constituas.
897 3185 1045 3242 introducis
1067 3196 1156 3242 autem
1180 3195 1208 3242 ct
1228 3189 1256 3242 in

200 3275 268 3350 ipsis
286 3292 413 3348 pugnam,
435 3281 570 3346 tamquam
588 3271 781 3329 dominantium
799 3272 959 3329 daemonum
977 3271 1023 3328 alii
1041 3272 1106 3327 boui
1129 3271 1175 3327 alii
1194 3271 1257 3328 mali

201 3360 270 3424 siut,
299 3377 359 3413 cum
381 3367 470 3411 tamen
492 3356 555 3412 mali
578 3360 690 3434 spiritus
713 3379 843 3434 nusquam
865 3357 1045 3436 praefecturas
1069 3357 1186 3414 habeant·
1205 3378 1258 3414 uec

198 3464 278 3523 pares
295 3441 340 3498 vel
358 3445 515 3498 auctoritate
526 3443 571 3498 vel
583 3463 693 3499 numero
705 3464 739 3500 ex
750 3444 863 3499 adverso
875 3444 1006 3499 honorum
1024 3443 1161 3500 distributi
1172 3445 1237 3499 sint.

161 3529 181 3588 8
269 3528 333 3584 lllox
350 3527 393 3583 his
412 3525 514 3583 relictis
533 3530 560 3582 iu
578 3526 793 3606 philosophicam
811 3520 945 3586 delaberis
962 3529 1182 3608 speculationem,
1207 3528 1257 3584 sed

198 3618 236 3670 ita
254 3624 284 3669 ut
302 3624 385 3670 totam
409 3612 442 3668 de
464 3612 592 3670 daemone
614 3617 725 3692 proprio
748 3615 888 3672 subvertas
910 3615 1081 3694 hypothesin.
1133 3617 1256 3683 sienim,

198 3699 271 3778 quod
289 3702 337 3766 ais,
358 3699 471 3755 daemon
488 3698 536 3755 ille
554 3703 591 3755 sit
608 3704 711 3756 animae
729 3700 858 3776 quaedam
875 3722 940 3778 pars
957 3700 1032 3758 velut
1044 3701 1209 3769 intellectus,
1229 3711 1257 3757 et

198 3789 222 3842 is
240 3784 305 3841 felix
324 3787 359 3840 sit
371 3787 500 3862 ‘quisquis
519 3796 608 3842 mente
625 3785 763 3862 praeditus
781 3789 818 3841 sit
836 3789 958 3865 sapienti,
976 3805 1031 3842 non
1043 3790 1096 3843 erit
1107 3808 1173 3852 saue
1187 3786 1256 3842 alius

198 3871 266 3928 ordo
290 3868 385 3926 mehor
407 3870 455 3926 illo
483 3871 517 3927 ad
539 3871 695 3928 daemonem
712 3875 864 3950 pertinente
886 3883 914 3928 et
934 3872 1103 3950 praesidente
1125 3872 1257 3929 humanae

198 3960 302 4014 animae
320 3966 452 4032 tamquam
469 3960 664 4035 praestantium
682 3957 731 4014 sed
748 3969 839 4035 partes
853 3959 983 4035 quaedam
994 3969 1041 4015 aut
1051 3957 1122 4015 forte
1133 3961 1256 4037 potentia

198 4043 328 4120 quaedam
346 4052 479 4117 tamquam
496 4045 591 4113 divisa,
611 4047 728 4100 omnium
746 4047 816 4102 vitae
834 4047 863 4101 in
881 4045 960 4102 uobis
979 4047 1113 4101 rationum
1131 4044 1256 4100 dominae

198 4141 286 4186 erunt:
310 4128 392 4206 idque
411 4127 491 4192 adeo,
510 4149 570 4185 cum
588 4133 677 4186 omnia
694 4134 724 4186 iu
741 4133 821 4188 nohis
840 4135 895 4188 sint
912 4142 1036 4208 cognata,
1055 4141 1082 4187 et
1100 4151 1165 4209 pars
1183 4129 1257 4186 nulla

199 4215 354 4271 naturaliter
371 4226 506 4290 tamquam
524 4225 645 4292 separata
662 4220 714 4273 toti
733 4221 854 4296 compagi
871 4219 1014 4296 imperitet.
