2776 4876
461 1175 666 1260 Praefatio
692 1177 877 1262 editoris.

226 1679 406 1783 Jamblicbl
421 1708 463 1775 de
476 1712 638 1797 mysteriis
653 1709 744 1790 liber,
759 1710 859 1777 latine
872 1711 1007 1796 prlmum
1023 1709 1199 1777 uMareilio

140 1822 253 1887 Fieino
275 1843 304 1886 a.
329 1823 424 1901 1483,
447 1820 565 1888 deinde
587 1844 606 1887 a
627 1821 768 1889 Nicolao
789 1820 946 1888 Scutellio
968 1844 997 1886 a.
1020 1823 1105 1888 loon
1127 1820 1200 1887 vul-

140 1942 243 2021 gatus,
266 1931 395 1998 tandem
416 1954 534 2021 graece
557 1932 663 1999 editus
687 1944 736 1999 eat
758 1934 916 2000 a'l'boma
932 1932 1039 2000 Galeo
1053 1956 1083 1998 a.
1102 1934 1197 2000 1678.

141 2047 197 2130 qui
219 2044 342 2112 Galeua
364 2067 432 2110 non
454 2044 558 2111 colum
580 2045 746 2112 codicibus
769 2068 847 2112 usus
862 2045 1015 2112 Leidenai
1030 2045 1200 2111 Bmilienoi

141 2158 292 2222 Pariainia
313 2178 429 2246 graeca
452 2161 636 2237 constituit,
663 2156 722 2223 aed
750 2161 844 2224 etiam
872 2180 990 2224 novam
1017 2160 1200 2224 versionem
1314 2206 1318 2211 -

140 2267 270 2334 latinam
292 2280 326 2335 et
350 2273 611 2335 commentarium
640 2270 811 2356 multiplici
839 2269 1021 2336 eruditione
1048 2269 1199 2335 refertum

140 2380 267 2446 adiecit
311 2402 350 2447 ex
372 2403 413 2446 eo
437 2392 582 2467 tempore
605 2381 695 2446 nulla
715 2381 888 2447 Jamblicbi
911 2380 1012 2447 editio
1028 2381 1131 2446 lucem
1154 2382 1201 2446 vi-

142 2492 196 2573 dit,
217 2491 304 2558 unde
327 2492 445 2558 lactum
462 2503 511 2558 eat
526 2503 563 2558 ut
577 2492 680 2558 multo
695 2495 800 2559 minue
815 2515 910 2579 quam
926 2516 986 2580 par
1001 2502 1072 2558 erat
1086 2502 1200 2558 auctor

140 2615 253 2671 noster
278 2603 487 2671 adhiberetur
512 2604 554 2671 ad
581 2604 788 2671 illustrandae
823 2605 947 2671 litteras
974 2607 1199 2694 Aegyptiacae,

140 2739 274 2804 quarum
296 2720 330 2783 in
353 2716 423 2782 dies
446 2715 544 2782 decus
568 2720 683 2784 crescit
696 2729 729 2784 et
743 2721 928 2784 auctoritas.
968 2739 1066 2804 quare
1080 2738 1198 2783 novam

139 2828 311 2896 damblicbi
334 2827 510 2894 editionem
532 2832 608 2897 viria
631 2829 767 2896 eruditio
784 2852 852 2897 non
867 2832 1024 2919 ingratam
1040 2829 1112 2895 lore
1127 2850 1200 2918 epe—

139 2945 217 3008 ravi.
261 2944 297 3007 in
319 2964 384 3027 qua
406 2941 608 3009 conficienda
631 2942 751 3009 auxilio
773 2944 849 3007 mibi
871 2942 1016 3008 luerunt:

228 3053 265 3123 Δ
280 3081 325 3111 --
345 3052 446 3120 codex
469 3054 677 3121 Florentium
700 3055 943 3132 Laurentianus,
966 3054 1050 3119 Plut.
1073 3074 1103 3117 x.
1127 3052 1198 3118 cod

140 3168 194 3232 32.
239 3165 379 3231 Bandini
404 3165 476 3232 Cat
498 3166 582 3231 Bibl.
605 3168 698 3233 Laur.
728 3170 754 3232 1.
783 3191 814 3252 p.
831 3167 910 3245 496,
934 3169 964 3231 1.
993 3165 1105 3244 „buius
1128 3166 1200 3228 niti-

143 3277 266 3343 dissimi
290 3276 423 3357 codicis,
454 3282 508 3364 qui
534 3300 604 3343 cum
633 3282 667 3343 in
690 3276 869 3343 Mediceam
898 3276 1125 3343 bibliothecam
1151 3297 1199 3340 ae-

142 3392 247 3475 quiori
269 3411 350 3454 aevo
367 3389 486 3455 inlatus
502 3391 609 3470 luerit,
632 3401 766 3456 externo
782 3400 869 3455 caret
883 3388 979 3455 titulo
995 3399 1028 3453 et
1042 3391 1076 3452 in
1091 3387 1199 3451 Mont

27 3568 31 3573 ,
143 3501 287 3567 laucouii
304 3501 469 3590 Catalogo
485 3501 693 3581 desideratur,
708 3505 842 3589 primum
859 3523 943 3587 opua
958 3504 1002 3566 ita
1015 3501 1200 3566 inscribitur

141 3609 337 3700 Ἀβάμωνος
358 3609 562 3681 διδασκάλου
576 3607 661 3699 πρὸς
681 3609 744 3693 τὴν
758 3615 960 3704 Πορφυρίου
980 3607 1065 3699 πρὸς
1077 3607 1199 3694 Moesta)

144 3719 320 3805 ἐπιστολὴν
344 3719 529 3812 ἀπόκρισις,
559 3734 615 3792 καὶ
638 3727 702 3790 τῶν
725 3730 761 3790 ἐν
790 3723 873 3812 αὐτῇ
895 3720 1121 3812 διαπορημάτων
1142 3718 1199 3789 λύ-

145 3859 213 3913 σεις
229 3886 237 3901 .
251 3886 259 3902 .
273 3886 301 3903 ..
326 3837 428 3904 codex
444 3859 576 3924 graecus
592 3859 793 3924 papyraceus
808 3838 869 3903 Ma.
885 3842 920 3903 in
936 3839 964 3902 4.
977 3839 1051 3902 min.
1066 3837 1136 3902 See
1148 3855 1197 3899 xv.

147 3961 274 4015 constat
296 3949 384 4016 loliis
406 3952 531 4036 scriptia
555 3951 649 4015 172‘2
694 3951 780 4015 bunc
808 3949 950 4015 codicem
978 3957 1098 4037 rogatu
1125 3966 1198 4011 meo

150 4062 383 4149 excerpendum
408 4065 532 4128 curavit
553 4063 742 4129 Franciecue
765 4062 805 4127 de
827 4064 925 4128 Furia
947 4084 974 4127 a.
999 4062 1095 4127 1850.

231 4172 264 4242 B
288 4204 332 4232 =
354 4174 455 4241 codex
482 4174 648 4242 Leidenaia
675 4177 867 4254 Vossianus,
895 4176 936 4240 N.
947 4175 1000 4251 22,
1030 4195 1048 4236 a
1074 4172 1197 4237 Tboma

518 4626 823 4743 2352&ss
