2776 4876
210 348 264 403 ms
1195 342 1266 407 ⁵,st

212 500 280 571 ἀπὸ
302 505 367 572 τῶν
389 502 503 568 atrion
525 505 694 589 τρέφεται·
719 505 747 566 st
769 499 804 565 tt
818 493 986 564 ἀδύνατον
999 490 1166 586 ἀρχηγοὺς
1182 495 1272 583 ἡμᾶς

214 611 385 682 εἶναιτῶν
407 608 584 697 δαιμόνων,
612 613 658 696 τῷ
681 607 769 693 αὐτῷ
792 604 881 692 λόγῳ
904 610 960 674 καὶ
982 609 1041 688 τῆς
1062 608 1193 700 τροφῆς
1215 605 1273 674 οὕ

214 727 279 791 τῶν
301 726 397 808 ἐσμὲν
420 721 528 790 airaon
1292 733 1308 783 3

158 847 196 908 ll
302 841 399 902 Δοκεῖ
420 833 449 900 δ’
470 836 578 919 ἔμοιγε
605 834 662 899 καὶ
689 826 772 897 ἀλλο
801 826 1037 918 διαμαρτάνειν
1063 827 1086 910 ἡ
1115 831 1274 917 παροῦσα

214 941 410 1026 ἐπιζήτησις.
456 941 571 1029 ἀγνοεῖ
591 938 656 1031 γάρ
677 940 740 1025 την
762 937 818 1009 διά
839 945 901 1008 ταῦ
920 935 1023 1031 πυρὸς
1048 935 1274 1030 προσαγωγὴν

214 1060 280 1124 τῶν
302 1056 448 1129 θυσιῶν,
479 1054 523 1132 ὡς
545 1048 752 1135 ὃαπανητιιιὴ
782 1054 913 1138 μᾶλλον
940 1055 1001 1135 τῆς
1020 1049 1102 1133 ὕλης
1123 1053 1194 1116 ἐστὶ
1215 1052 1309 1121 notio

215 1162 417 1255 ἀναιρετική,
436 1161 666 1256 ἀφομοιωτιιιή
690 1187 723 1230 τε
745 1157 828 1251 πρὸς
849 1159 979 1242 ἑαυτήν,
1002 1160 1076 1228 ἀλλ’
1096 1158 1172 1246 οὕχὶ
1187 1156 1275 1241 αὕτη

217 1273 468 1366 ἀφομοιονμένη
490 1271 573 1364 πρὸς
594 1271 655 1357 τὴν
676 1272 767 1356 ὕλην,
790 1270 963 1360 ἀναγωγός
986 1296 1020 1340 τε
1042 1276 1097 1341 ἐπὶ
1116 1267 1157 1338 τὸ
1172 1275 1276 1339 θεῖον

216 1390 273 1453 καὶ
296 1384 452 1476 οὐράνιον
475 1390 539 1475 πῦρ
562 1389 618 1454 καὶ
640 1381 758 1466 άνλον,
789 1383 862 1451 ἀλλ’
883 1382 956 1472 οὐχὶ
984 1380 1071 1449 κάτω
1098 1384 1311 1472 βρίθουσαν

216 1502 291 1586 περὶ
312 1493 374 1580 τὴν
387 1495 470 1579 ὕλην
484 1499 540 1564 καὶ
555 1493 618 1578 τὴν
632 1501 767 1581 γένεσιν.
809 1502 836 1562 at
850 1499 911 1580 μὲν
925 1493 990 1582 γάρ
1004 1491 1085 1576 ὕλης
1097 1484 1141 1575 ἦν
1156 1497 1275 1578 γλυκυ-

217 1611 328 1694 θνμία
356 1633 406 1687 τις
435 1603 534 1689 irrisui
563 1610 628 1674 τῶν
651 1602 718 1673 ἀπὸ
741 1608 801 1688 τῆς
821 1603 903 1687 ὕλης
930 1603 1045 1692 ἀτμῶν
1073 1603 1276 1685 δελεάζονσα

189 1717 192 1727 ’
218 1716 410 1797 ἀπόλαυσις,
438 1721 536 1807 ἐχρῆν
559 1717 715 1804 ἀκέραιον
738 1713 799 1798 τὴν
828 1712 910 1798 ὕλην
933 1712 1030 1796 εἶναι,
1060 1719 1181 1782 πλείων
1208 1711 1276 1804 γάρ
1295 1726 1331 1778 12

218 1822 262 1894 ἀν
290 1824 393 1905 οὕτως
421 1827 442 1909 ἡ
471 1826 528 1894 ἀπ’
553 1827 656 1910 αὐτῆς
691 1825 843 1916 ἀπορροὴ
876 1839 947 1906 τοῖς
971 1824 1278 1913 μεταλαμβάνουσι

218 1943 448 2026 προσεγένετο·
476 1941 537 2006 νῦν
560 1942 595 2007 δὲ
617 1943 820 2030 ἐμπιπρᾶται
841 1941 936 2005 πάσα
957 1942 1014 2006 καὶ
1042 1939 1278 2005 καταναλίσκε-

217 2073 288 2130 ται,
316 2053 372 2116 καὶ
395 2056 441 2126 ελς
462 2046 523 2132 τὴν
546 2052 606 2118 τοῦ
626 2047 730 2138 πυρὸς
756 2046 979 2138 καθαρότητα
1006 2052 1062 2116 καὶ
1091 2045 1277 2130 λεπτότητα
1297 2066 1331 2117 15

219 2159 478 2247 μεταβάλλεται·
518 2157 538 2228 ὃ
568 2165 625 2229 καὶ
654 2157 736 2228 αὕτό
765 2158 903 2247 σημεῖόν
931 2167 1020 2227 ἐστιν
1055 2163 1189 2248 ἐναργὲς
1218 2165 1280 2227 τοῦ

219 2261 373 2341 ἐναντίον
394 2269 416 2354 ἢ
439 2264 479 2340 οὕ
502 2268 543 2340 σῦ
564 2277 674 2359 λέγεις.
713 2270 862 2357 ἀπαθεῖς
882 2295 917 2338 τε
939 2269 1004 2361 γάρ
1028 2278 1109 2338 εἰσιν
1124 2276 1156 2338 ot
1170 2276 1278 2356 κρείτ-

218 2406 321 2463 τονες,
353 2381 403 2462 οἷς
426 2387 526 2475 φίλον
548 2387 618 2451 ἐστὶ
639 2381 678 2450 τὰ
701 2380 866 2464 crisbino
888 2381 1110 2451 ἐκκόπτεσθαι
1139 2377 1196 2447 διά
1217 2386 1281 2449 τοῦ
1299 2393 1332 2445 18

218 2490 331 2584 πυράς,
353 2498 411 2562 καὶ
432 2492 521 2580 ἡμᾶς
543 2492 693 2573 ἀπαθεῖς
714 2490 973 2584 ἀπεργάζονται·
995 2496 1052 2560 καὶ
1074 2489 1116 2559 τά
1139 2499 1174 2559 ἐν
1198 2492 1279 2580 ἡμῖν
1325 2486 1327 2491 ⁴

291 2704 316 2756 4.
345 2698 426 2770 ἄλλο]
446 2699 514 2770 άλλη
533 2703 566 2754 Ι).
638 2706 663 2756 7.
690 2701 736 2771 τι]
755 2702 791 2754 sic
810 2702 890 2766 ΜΗ),
916 2721 968 2755 orn.
987 2703 1020 2756 0.
1095 2704 1220 2756 10-11.
1246 2694 1281 2771 ἦν

290 2786 630 2857 γλυκαθνμλα-ὕληςοπι.
645 2788 678 2841 0.
751 2790 847 2843 10.11.
871 2791 1035 2858 γλακνθιμία
1044 2788 1079 2842 Ι).
1152 2790 1194 2842 12.
1217 2784 1281 2842 ἀκε-

293 2875 373 2940 ραίαν
392 2873 426 2924 0.
498 2876 540 2927 13.
568 2871 617 2941 ἀν]
636 2870 669 2926 ἀν
686 2870 719 2926 ἀι
736 2875 770 2926 D.
844 2876 885 2927 17.
911 2863 958 2939 οὕ]
978 2868 994 2927 3
1013 2874 1046 2927 0.

224 3072 312 3128 censis
329 3073 491 3129 nutriuntur.
537 3084 699 3150 quapropter
716 3076 741 3130 si
753 3076 790 3129 sit
800 3072 970 3151 impossibile
981 3091 1032 3129 nos
1049 3072 1207 3129 daemonum
1219 3093 1284 3130 esse

222 3177 324 3225 causas,
343 3157 436 3214 eadem
453 3160 556 3215 ratione
574 3179 623 3216 uec
641 3159 733 3237 pabuli
751 3179 812 3216 esse
829 3179 982 3236 possumus.

164 3244 202 3303 ll
291 3244 343 3300 Est
360 3255 497 3322 praetcrea
516 3243 588 3302 alind
606 3247 634 3301 in
653 3265 707 3322 qno
718 3244 784 3301 baec
797 3247 927 3322 quaestio,
946 3255 1074 3321 quantum
1086 3243 1151 3301 mibi
1163 3244 1283 3312 videtur,

222 3340 305 3387 errat:
325 3348 380 3386 non
399 3333 471 3388 enim
483 3331 636 3388 considerat
647 3333 714 3388 satis
727 3331 800 3408 qnod
813 3333 1006 3389 sacrificiorum
1017 3351 1067 3410 per
1078 3333 1166 3407 ignem
1177 3331 1282 3389 oblatio

221 3418 358 3476 materiam
377 3435 469 3473 eorum
481 3416 603 3474 absumit
620 3428 648 3473 et
665 3419 803 3486 interimit,
822 3417 895 3495 quod
913 3419 1049 3474 materiam
1067 3418 1120 3474 sibi
1137 3419 1197 3494 ipse
1209 3420 1282 3494 ignis

221 3501 370 3571 adsimilnt,
392 3522 448 3558 non
470 3513 558 3559 autem
581 3505 706 3559 materiae
727 3505 849 3560 vicissim
870 3502 1044 3571 assimilatur,
1068 3503 1141 3579 quod
1165 3501 1283 3580 (lenique

223 3587 312 3644 evehit
329 3590 399 3665 ignis
412 3587 460 3645 ille
472 3588 505 3645 ad
519 3588 599 3645 alium
612 3588 732 3645 divinum
745 3588 887 3647 caelestem
898 3588 1107 3657 immaterialem,
1125 3599 1283 3645 nouantem

223 3671 349 3730 deorsum
366 3675 455 3731 tandit
472 3674 507 3730 ad
528 3677 665 3731 materiam
683 3684 710 3730 et
727 3677 846 3751 genesin.
895 3680 947 3733 iarn
970 3686 1059 3733 autem
1082 3677 1107 3732 si
1128 3674 1282 3731 iucunditas

222 3779 239 3814 a
255 3761 381 3815 materiae
398 3760 546 3836 vaporibus
565 3760 709 3818 daemones
727 3763 873 3830 inescaret,
896 3765 998 3840 integra
1016 3765 1108 3840 potins
1134 3771 1209 3817 esset
1230 3781 1285 3817 ma·

223 3846 299 3912 teria,
322 3846 359 3900 ita
378 3848 449 3902 enim
467 3849 604 3925 copiosior
617 3857 696 3923 ¹essct
712 3848 865 3905 incunditas
884 3868 952 3926 quae
973 3847 1008 3904 ad
1024 3849 1221 3926 participantes
1239 3846 1284 3904 arl-

221 3928 340 3995 solaret3
363 3949 435 3987 nnnc
454 3942 542 3989 autem
559 3933 712 3990 incenditur
728 3944 785 3990 tota
803 3945 832 3991 et
848 3935 1011 4003 absumimr,
1030 3936 1103 3991 etin
1122 3935 1192 4011 ignis
1211 3935 1285 4010 puri·

222 4027 305 4074 tatem
323 4015 554 4094 subtilitatemque
572 4021 680 4096 migrat3
704 4021 777 4098 quod
794 4024 883 4100 ipsum
901 4019 1071 4078 manifestum
1092 4030 1136 4076 est
1152 4020 1286 4077 indicium

223 4113 365 4161 contrane
384 4113 414 4159 tu
433 4102 586 4179 opinaberis
605 4125 662 4161 rem
679 4127 710 4162 se
727 4107 833 4167 babere.
878 4106 1042 4186 impatibiles
1060 4109 1134 4164 euim
1158 4116 1224 4162 sunt
1241 4127 1287 4162 su·

223 4193 290 4268 peri,
308 4200 343 4247 et
354 4191 395 4246 eis
412 4189 513 4265 volupe
531 4199 574 4245 est
591 4194 726 4249 materiam
744 4214 794 4274 per
816 4196 904 4271 ignem
926 4194 1073 4264 discutere,
1096 4212 1203 4270 nosque
1226 4191 1288 4249 red-
