2776 4876
210 350 266 415 3‚2
1214 352 1265 406 lou

215 509 272 571 καὶ
294 500 378 591 πρὸς
398 499 566 590 ὑποδοχὴν
594 507 664 570 τῶν·
688 509 780 572 θεῶν
798 501 989 586 ἐπιτήδεια,
1018 504 1076 572 ἀπ’
1095 504 1203 574 αὐτῶν
1231 531 1265 573 τε

213 621 428 702 ἐπιπίμπεται
456 618 521 683 τῶν
549 618 650 696 θεῶν,
679 621 778 703 μέρος
800 640 834 682 τε
857 619 916 697 τῆς
945 618 1044 694 θείας
1073 623 1266 708 ἐπιηανείας

134 798 144 805 ,
176 742 191 793 3
211 733 267 794 καὶ
289 722 375 794 κατά
397 730 536 793 τοιαῦτα
558 736 760 813 προηγεῖται.

292 833 403 905 ’Ἀνελε
426 830 485 905 οὖν
507 843 543 903 ἐκ
565 840 632 905 τοῖν
655 841 760 904 θείων
783 836 927 927 ὀνείρων,
949 845 984 905 ἐν
1006 838 1058 917 οἷς
1071 834 1113 920 δὴ
1128 843 1184 904 καὶ
1198 836 1265 926 μοί·

210 945 306 1016 λιστά
328 955 396 1016 ἐστι
419 944 457 1015 τὸ
480 945 648 1035 μαντικόν,
671 946 709 1016 τὸ
723 947 902 1016 καθεύδειν
917 949 1071 1017 ὁπωσοῦν
1093 953 1150 1017 καὶ
1163 948 1202 1015 τὸ
1217 945 1264 1034 μὴ

176 1081 192 1131 υ
212 1062 484 1147 παρακολουθεῖν
506 1058 549 1138 ὡς
570 1057 659 1144 ὕπαρ
689 1072 760 1139 τοῖς
782 1067 1057 1151 ἐπιφαινομένοις.
1104 1059 1178 1127 οὐδὲ
1199 1063 1265 1147 γάρ

211 1170 286 1238 οὐδὲ
308 1168 382 1237 οἶόν
402 1176 437 1237 τέ
459 1177 528 1237 ἐστι
549 1166 612 1251 τὴν
634 1175 758 1260 ἐναργῆ
785 1174 974 1260 παρουσίαν
1004 1175 1069 1239 τοῖν
1092 1175 1184 1239 θεῶν
1207 1177 1266 1255 τῆς

209 1279 299 1369 ὕπαρ
320 1287 529 1367 ἐγγινομένης
556 1280 882 1372 παρακολουθήσεως
904 1281 1163 1352 ἀπολείπεσθαι·
1187 1282 1259 1350 ἀλλ’

176 1410 192 1462 9
211 1400 238 1459 εὶ
248 1388 314 1480 χρὴ
327 1390 476 1473 τάληθὲς
491 1400 599 1474 εἰπεῖν,
621 1399 677 1461 καὶ
692 1399 902 1482 σαφεστέραν
917 1390 1023 1475 αὐτὴν
1038 1392 1121 1461 εἶναι
1136 1392 1265 1480 ἀνάγκη

209 1508 266 1570 καὶ
289 1503 524 1593 ἀκριβεστέραν
546 1511 670 1587 ἐκείνης
691 1509 747 1572 καὶ
774 1502 904 1572 σύνεσιν
933 1507 1136 1590 ἐμποιοῦσαν
1165 1511 1264 1572 τελει-

210 1621 339 1703 οτέραν.
385 1611 408 1680 ἀ
431 1612 473 1698 δη
495 1611 542 1702 μὴ
564 1614 777 1701 γινώσκοντές
798 1639 882 1693 τινες
905 1617 1066 1703 δείγματα
1081 1620 1147 1684 τών
1162 1613 1266 1696 ὅντως

157 1740 191 1791 12
210 1729 376 1811 μαντικῶν
399 1725 543 1815 ὀνείρων,
571 1722 683 1794 κοινὸν
706 1729 741 1794 δέ
763 1750 837 1793 τινα
861 1723 984 1814 τρόπον
1005 1726 1055 1793 ἐπ’
1075 1726 1184 1794 αὐτῶν
1205 1727 1266 1795 ἀν-

211 1836 382 1926 θρώπινον
397 1839 610 1917 ἐπινοοῦντες,
624 1842 874 1927 παραπίπτουσι
887 1836 974 1904 κατὰ
989 1842 1164 1924 συντυχίαν
1179 1860 1265 1904 σπα-

209 1946 313 2026 νιάκις
335 1947 385 2015 ἐπ’
405 1947 513 2015 αὐτῶν
536 1952 574 2039 τῇ
597 1954 657 2016 τοῦ
676 1953 855 2036 μέλλοντος
875 1947 1065 2036 προγνώσει,
1087 1953 1142 2017 καὶ
1157 1954 1266 2017 ἐντεῦ-

157 2071 191 2121 15
211 2063 275 2127 θεν
298 2057 430 2137 εἰκότως
452 2059 624 2148 ἀποροῦσι,
647 2062 716 2138 πῶς
737 2065 928 2148 συνέχουσιν
944 2066 975 2128 οἱ
991 2045 1113 2148 ὄνειροι
1127 2057 1166 2128 τὸ
1182 2060 1265 2142 ἀλη-

209 2174 281 2248 θές.
313 2167 335 2237 ὃ
358 2165 400 2252 δὴ
422 2174 479 2237 καὶ
502 2174 538 2237 σὲ
561 2168 720 2258 θράττειν
741 2197 800 2258 μοι
822 2174 911 2238 δοκεῖ
934 2167 990 2237 dui
1013 2169 1051 2238 τὸ
1074 2168 1121 2258 μη
1144 2175 1264 2239 είὸἐναι

209 2278 251 2349 τά
274 2279 424 2363 ἀληθινά
447 2282 556 2348 αὐτῶν
570 2286 792 2369 γνωρίσματα.
831 2279 918 2347 ἀλλά
933 2284 983 2348 δεῖ
998 2292 1143 2368 στοιχεῖα
1159 2287 1264 2350 ταῦτα

157 2403 191 2454 18
208 2390 484 2484 προστησώμενόν
505 2414 541 2460 σε
564 2395 624 2473 τῆς
645 2390 813 2474 ἀληθινῆς
826 2395 893 2460 τῶν
909 2391 1045 2479 ὀνείρων
1063 2391 1264 2478 ἐπιγνώσεως

280 2629 304 2678 1.
330 2625 381 2680 τῖον
398 2646 448 2679 om.
469 2630 500 2678 A.
573 2629 598 2679 2.
626 2623 666 2692 τε]
686 2628 713 2679 δέ
732 2625 765 2679 0.
837 2629 863 2680 3.
888 2623 978 2692 narei]
998 2625 1035 2678 τοὶ
1055 2624 1111 2677 ΑΙ).
1183 2625 1208 2676 d.
1236 2627 1262 2676 ἐκ

280 2709 345 2777 τῶν]
364 2707 451 2764 αὐτῶν
470 2712 524 2766 AC.
614 2714 640 2765 5.
669 2710 826 2765 καθεύδωσι
845 2712 879 2765 D.
969 2711 1011 2762 10.
1041 2707 1190 2781 ἐμποιοῦσα
1207 2708 1263 2761 CD.

281 2800 322 2851 11.
350 2800 443 2867 δεῖγμα
461 2792 626 2866 studetur]
644 2799 679 2850 sic
698 2797 752 2862 AC,
779 2793 861 2853 ὄντων
881 2798 912 2850 0.
975 2799 1017 2850 13.
1045 2793 1132 2861 κατὰ]
1152 2796 1187 2848 sic
1208 2795 1263 2857 AD,

279 2883 350 2938 κατοὶ
367 2884 414 2953 τὴν
433 2884 467 2938 0.
539 2885 581 2938 16.
609 2881 725 2957 θράττει
741 2886 776 2949 D,
804 2883 932 2957 πράττειν
950 2882 983 2935 Β.

210 3091 263 3146 diis
282 3110 417 3159 eoncessa,
438 3100 466 3147 et
484 3092 613 3168 quaedam
631 3093 721 3169 portio
740 3090 847 3148 divinae
859 3089 1016 3168 epiphaniae
1028 3090 1146 3146 illabitur
1157 3109 1207 3166 per
1218 3088 1264 3146 hu·

209 3176 324 3233 iusmodi
341 3179 566 3255 praeparationes.

280 3265 371 3339 Quare
389 3264 455 3322 tolle
473 3286 488 3320 a
507 3264 606 3322 divinia
625 3266 751 3332 somniis,
777 3260 845 3339 qnae
863 3263 976 3318 maxime
993 3263 1111 3318 vaticinii
1129 3263 1184 3318 vim
1202 3281 1264 3317 con·

209 3351 303 3418 tinent,
322 3371 428 3408 omnem
446 3352 554 3407 omnino
573 3349 774 3419 dormitionem
792 3348 859 3406 tolle
878 3360 907 3406 et
922 3348 987 3418 hoc,
1012 3368 1066 3405 non
1082 3346 1195 3426 perinde
1212 3367 1265 3403 nos

209 3439 317 3513 assequi
339 3437 411 3513 quod
433 3447 491 3493 tum
514 3437 671 3493 ostendatur
693 3456 726 3492 ao
749 3456 809 3493 cum
831 3435 979 3512 vigilemus.
1027 3456 1076 3492 nec
1099 3436 1171 3490 enim
1197 3432 1265 3488 deos

208 3532 364 3599 praesentes
383 3525 471 3578 minus
490 3520 562 3579 elare
579 3523 814 3580 animadvertimus
832 3542 912 3599 ροισι
930 3541 998 3598 quae
1020 3520 1161 3598 vigilantes
1179 3520 1266 3598 perei-

208 3610 310 3685 pimusa
328 3609 419 3677 immo,
437 3607 511 3684 qnod
528 3628 622 3665 verum
640 3618 694 3676 est,
717 3607 763 3665 illa
786 3608 898 3664 deorum
920 3609 1054 3685 apparitio
1077 3608 1148 3662 omni
1173 3616 1264 3662 nostra

209 3693 439 3750 animadversione
456 3713 511 3748 nun
528 3703 620 3771 potest
637 3712 692 3750 non
709 3715 770 3751 esse
788 3693 954 3751 manifestior
972 3702 1000 3747 et
1023 3695 1184 3762 accuratior,
1207 3704 1265 3750 tum

210 3783 289 3836 etiam
307 3778 493 3858 perfectiorem
512 3799 591 3855 qnam
608 3778 654 3834 illa
673 3782 851 3856 cognitionem
869 3779 959 3858 gignit.
1004 3777 1150 3836 haecvere
1161 3779 1265 3837 divino·

209 3887 268 3922 rum
286 3868 450 3922 somniorum
468 3865 566 3948 indieip
585 3863 692 3941 quidam
710 3884 764 3921 non
786 3865 972 3932 observantes,
995 3865 1044 3921 sed
1065 3865 1137 3922 idem
1160 3866 1195 3923 de
1216 3868 1264 3923 hu·

210 3955 295 4009 manis
313 3974 344 4008 ae
362 3953 458 4009 dehis
477 3952 668 4018 existimantes,
687 3969 748 4005 raro
767 3948 910 4006 admodum
927 3970 977 4028 per
994 3953 1045 4008 ista
1058 3963 1085 4009 et
1097 3973 1161 4010 casu
1174 3974 1264 4009 veram

210 4037 359 4095 futurorum
377 4041 555 4117 cognitionem
573 4046 764 4112 assequuntnr;
783 4057 814 4093 ae
831 4037 945 4114 proinde
962 4037 1085 4096 dubitant
1103 4059 1157 4094 non
1174 4041 1264 4094 imme·

211 4129 272 4194 rito,
291 4147 324 4181 an
342 4125 430 4203 aliqua
448 4127 531 4182 sitin
550 4125 662 4181 somniis
680 4125 789 4180 veritas:
809 4124 881 4200 quod
900 4135 927 4180 te
939 4145 1046 4202 qrnoqne
1058 4125 1172 4204 proinde
1183 4123 1263 4181 video

210 4213 360 4289 perturbat,
384 4214 444 4289 quia
467 4231 522 4269 non
545 4215 617 4271 nosti
642 4213 806 4270 somniorum
826 4212 925 4271 indicia
952 4223 979 4270 et
1006 4213 1167 4271 discrimina.
1215 4211 1263 4270 sed
