<?xml version="1.0" encoding="UTF-8"?>
<!DOCTYPE html PUBLIC "-//W3C//DTD XHTML 1.0 Transitional//EN"
    "http://www.w3.org/TR/xhtml1/DTD/xhtml1-transitional.dtd">
<html xmlns="http://www.w3.org/1999/xhtml" xml:lang="en" lang="en">
 <head>
  <title>
</title>
<meta http-equiv="Content-Type" content="text/html;charset=utf-8" />
  <meta name='ocr-system' content='tesseract 3.04.00' />
  <meta name='ocr-capabilities' content='ocr_page ocr_carea ocr_par ocr_line ocrx_word'/>
</head>
<body>
  <div class='ocr_page' id='page_1' title='image "./jamblichidemyst00jambgoog_0283.png"; bbox 0 0 2776 4876; ppageno 0'>
   <div class='ocr_carea' id='block_1_1' title="bbox 211 366 1264 431">
    <p class='ocr_par' dir='ltr' id='par_1_1' title="bbox 211 366 1264 431">
     <span class='ocr_line' id='line_1_1' title="bbox 211 366 1264 431; baseline -0.002 -9"><span class='ocrx_word' id='word_1_1' title='bbox 211 370 263 422; x_wconf 78' lang='lat'><em>154</em></span> <span class='ocrx_word' id='word_1_2' title='bbox 1192 366 1218 431; x_wconf 79' lang='grc'><em>3,</em></span> <span class='ocrx_word' id='word_1_3' title='bbox 1227 370 1264 420; x_wconf 84' lang='grc'><em>22</em></span> 
     </span>
    </p>
   </div>
   <div class='ocr_carea' id='block_1_2' title="bbox 207 518 1315 2274">
    <p class='ocr_par' dir='ltr' id='par_1_2' title="bbox 207 518 1315 2274">
     <span class='ocr_line' id='line_1_2' title="bbox 211 518 1266 608; baseline -0.004 -18"><span class='ocrx_word' id='word_1_4' title='bbox 211 528 275 590; x_wconf 80' lang='grc' dir='ltr'><em>τῶν</em></span> <span class='ocrx_word' id='word_1_5' title='bbox 298 528 552 608; x_wconf 85' lang='grc' dir='ltr'><em>ένσπειρομένων</em></span> <span class='ocrx_word' id='word_1_6' title='bbox 576 519 630 588; x_wconf 82' lang='grc' dir='ltr'><em>διά</em></span> <span class='ocrx_word' id='word_1_7' title='bbox 652 527 805 606; x_wconf 85' lang='grc' dir='ltr'><em>γενέσεως</em></span> <span class='ocrx_word' id='word_1_8' title='bbox 827 520 922 589; x_wconf 77' lang='grc' dir='ltr'><em>οὐδέν</em></span> <span class='ocrx_word' id='word_1_9' title='bbox 937 519 1091 587; x_wconf 85' lang='grc' dir='ltr'><em>οὐδέποτε</em></span> <span class='ocrx_word' id='word_1_10' title='bbox 1111 518 1266 598; x_wconf 74' lang='grc' dir='ltr'><em>πλείονός</em></span> 
     </span>
     <span class='ocr_line' id='line_1_3' title="bbox 210 624 1265 719; baseline -0.003 -18"><span class='ocrx_word' id='word_1_11' title='bbox 210 659 298 712; x_wconf 87' lang='grc' dir='ltr'><em>τινος</em></span> <span class='ocrx_word' id='word_1_12' title='bbox 326 633 640 719; x_wconf 76' lang='grc' dir='ltr'><em>μεταλαμβάνοντος</em></span> <span class='ocrx_word' id='word_1_13' title='bbox 670 624 692 714; x_wconf 75' lang='lat' dir='ltr'><em>ii</em></span> <span class='ocrx_word' id='word_1_14' title='bbox 718 631 800 699; x_wconf 88' lang='grc' dir='ltr'><em>ὅσον</em></span> <span class='ocrx_word' id='word_1_15' title='bbox 827 635 955 699; x_wconf 81' lang='grc' dir='ltr'><em>δίδοται</em></span> <span class='ocrx_word' id='word_1_16' title='bbox 984 631 1074 715; x_wconf 77' lang='grc' dir='ltr'><em>αύτῷ</em></span> <span class='ocrx_word' id='word_1_17' title='bbox 1101 626 1169 696; x_wconf 76' lang='grc' dir='ltr'><em>ἀπὸ</em></span> <span class='ocrx_word' id='word_1_18' title='bbox 1203 633 1265 698; x_wconf 81' lang='grc' dir='ltr'><em>τοῦ</em></span> 
     </span>
     <span class='ocr_line' id='line_1_4' title="bbox 209 738 1297 836; baseline -0.003 -26"><span class='ocrx_word' id='word_1_19' title='bbox 209 743 342 836; x_wconf 78' lang='grc' dir='ltr'><em>πράτοις</em></span> <span class='ocrx_word' id='word_1_20' title='bbox 363 740 460 812; x_wconf 81' lang='grc' dir='ltr'><em>ἑαυτὸ</em></span> <span class='ocrx_word' id='word_1_21' title='bbox 476 745 732 829; x_wconf 82' lang='grc' dir='ltr'><em>άπογεννώντος.</em></span> <span class='ocrx_word' id='word_1_22' title='bbox 767 738 804 810; x_wconf 82' lang='grc' dir='ltr'><em>τὸ</em></span> <span class='ocrx_word' id='word_1_23' title='bbox 828 743 859 810; x_wconf 91' lang='grc' dir='ltr'><em>δ’</em></span> <span class='ocrx_word' id='word_1_24' title='bbox 874 748 955 810; x_wconf 86' lang='grc' dir='ltr'><em>έοικε</em></span> <span class='ocrx_word' id='word_1_25' title='bbox 970 739 1172 830; x_wconf 74' lang='grc' dir='ltr'><em>προσθήκην</em></span> <span class='ocrx_word' id='word_1_26' title='bbox 1187 739 1263 808; x_wconf 79' lang='grc' dir='ltr'><em>τινά</em></span> <span class='ocrx_word' id='word_1_27' title='bbox 1281 755 1297 806; x_wconf 82' lang='grc'>3</span> 
     </span>
     <span class='ocr_line' id='line_1_5' title="bbox 208 849 1263 946; baseline -0.004 -23"><span class='ocrx_word' id='word_1_28' title='bbox 208 862 438 946; x_wconf 76' lang='grc' dir='ltr'><em>περιττοτέραν</em></span> <span class='ocrx_word' id='word_1_29' title='bbox 459 858 712 945; x_wconf 77' lang='grc' dir='ltr'><em>παραδέχεσθαι</em></span> <span class='ocrx_word' id='word_1_30' title='bbox 733 852 800 922; x_wconf 81' lang='grc' dir='ltr'><em>ἀπὸ</em></span> <span class='ocrx_word' id='word_1_31' title='bbox 817 858 875 922; x_wconf 81' lang='grc' dir='ltr'><em>τοῦ</em></span> <span class='ocrx_word' id='word_1_32' title='bbox 888 851 934 940; x_wconf 77' lang='grc' dir='ltr'><em>μη</em></span> <span class='ocrx_word' id='word_1_33' title='bbox 950 850 1060 933; x_wconf 83' lang='grc' dir='ltr'><em>ὄντος·</em></span> <span class='ocrx_word' id='word_1_34' title='bbox 1084 861 1112 920; x_wconf 85' lang='grc' dir='ltr'><em>ιλ</em></span> <span class='ocrx_word' id='word_1_35' title='bbox 1126 850 1173 940; x_wconf 76' lang='grc' dir='ltr'><em>μὴ</em></span> <span class='ocrx_word' id='word_1_36' title='bbox 1194 849 1263 944; x_wconf 85' lang='grc' dir='ltr'><em>άρα</em></span> 
     </span>
     <span class='ocr_line' id='line_1_6' title="bbox 209 963 1262 1060; baseline -0.006 -24"><span class='ocrx_word' id='word_1_37' title='bbox 209 993 257 1046; x_wconf 90' lang='grc' dir='ltr'><em>τις</em></span> <span class='ocrx_word' id='word_1_38' title='bbox 279 971 367 1052; x_wconf 90' lang='grc' dir='ltr'><em>λέγοι</em></span> <span class='ocrx_word' id='word_1_39' title='bbox 389 973 427 1060; x_wconf 76' lang='grc' dir='ltr'><em>τῇ</em></span> <span class='ocrx_word' id='word_1_40' title='bbox 450 965 517 1035; x_wconf 81' lang='grc' dir='ltr'><em>άπὸ</em></span> <span class='ocrx_word' id='word_1_41' title='bbox 541 972 606 1035; x_wconf 82' lang='grc' dir='ltr'><em>τῶν</em></span> <span class='ocrx_word' id='word_1_42' title='bbox 631 965 719 1047; x_wconf 81' lang='grc' dir='ltr'><em>ζώων</em></span> <span class='ocrx_word' id='word_1_43' title='bbox 741 964 801 1059; x_wconf 82' lang='grc' dir='ltr'><em>ύλη</em></span> <span class='ocrx_word' id='word_1_44' title='bbox 824 963 901 1043; x_wconf 84' lang='grc' dir='ltr'><em>τούς</em></span> <span class='ocrx_word' id='word_1_45' title='bbox 924 968 1087 1052; x_wconf 78' lang='grc' dir='ltr'><em>δαίμονας</em></span> <span class='ocrx_word' id='word_1_46' title='bbox 1108 967 1262 1050; x_wconf 75' lang='grc' dir='ltr'><em>ἐπιβεβη-</em></span> 
     </span>
     <span class='ocr_line' id='line_1_7' title="bbox 209 1073 1297 1166; baseline 0 -21"><span class='ocrx_word' id='word_1_47' title='bbox 209 1085 307 1158; x_wconf 84' lang='grc' dir='ltr'><em>κέναι,</em></span> <span class='ocrx_word' id='word_1_48' title='bbox 330 1085 580 1166; x_wconf 76' lang='grc' dir='ltr'><em>προσαγομένης</em></span> <span class='ocrx_word' id='word_1_49' title='bbox 602 1081 636 1146; x_wconf 82' lang='grc' dir='ltr'><em>δέ</em></span> <span class='ocrx_word' id='word_1_50' title='bbox 659 1077 762 1159; x_wconf 85' lang='grc' dir='ltr'><em>αὐτῆς</em></span> <span class='ocrx_word' id='word_1_51' title='bbox 785 1080 972 1162; x_wconf 79' lang='grc' dir='ltr'><em>συμπαθῶς</em></span> <span class='ocrx_word' id='word_1_52' title='bbox 993 1077 1076 1166; x_wconf 88' lang='grc' dir='ltr'><em>πρὸς</em></span> <span class='ocrx_word' id='word_1_53' title='bbox 1093 1073 1199 1158; x_wconf 78' lang='grc' dir='ltr'><em>αὐτὴν</em></span> <span class='ocrx_word' id='word_1_54' title='bbox 1212 1094 1297 1145; x_wconf 82' lang='grc' dir='ltr'><em>ιιι-θ</em></span> 
     </span>
     <span class='ocr_line' id='line_1_8' title="bbox 208 1185 1261 1276; baseline -0.004 -19"><span class='ocrx_word' id='word_1_55' title='bbox 208 1193 354 1257; x_wconf 79' lang='grc' dir='ltr'><em>νεῖσθαι.</em></span> <span class='ocrx_word' id='word_1_56' title='bbox 400 1190 521 1257; x_wconf 82' lang='grc' dir='ltr'><em>οὐκοῦν</em></span> <span class='ocrx_word' id='word_1_57' title='bbox 543 1188 627 1256; x_wconf 85' lang='grc' dir='ltr'><em>κατά</em></span> <span class='ocrx_word' id='word_1_58' title='bbox 649 1215 685 1276; x_wconf 91' lang='grc' dir='ltr'><em>γε</em></span> <span class='ocrx_word' id='word_1_59' title='bbox 708 1187 831 1270; x_wconf 89' lang='grc' dir='ltr'><em>ταύτην</em></span> <span class='ocrx_word' id='word_1_60' title='bbox 854 1185 914 1270; x_wconf 79' lang='grc' dir='ltr'><em>τὴν</em></span> <span class='ocrx_word' id='word_1_61' title='bbox 929 1185 1031 1267; x_wconf 86' lang='grc' dir='ltr'><em>δόξαν</em></span> <span class='ocrx_word' id='word_1_62' title='bbox 1046 1187 1106 1254; x_wconf 80' lang='grc' dir='ltr'><em>οὐκ</em></span> <span class='ocrx_word' id='word_1_63' title='bbox 1120 1186 1261 1272; x_wconf 83' lang='grc' dir='ltr'><em>ἀπογεν-</em></span> 
     </span>
     <span class='ocr_line' id='line_1_9' title="bbox 208 1296 1260 1386; baseline -0.004 -17"><span class='ocrx_word' id='word_1_64' title='bbox 208 1306 329 1369; x_wconf 85' lang='grc' dir='ltr'><em>νῶνται</em></span> <span class='ocrx_word' id='word_1_65' title='bbox 353 1307 384 1368; x_wconf 86' lang='grc' dir='ltr'><em>οἱ</em></span> <span class='ocrx_word' id='word_1_66' title='bbox 407 1303 562 1386; x_wconf 73' lang='grc' dir='ltr'><em>δαίμονες</em></span> <span class='ocrx_word' id='word_1_67' title='bbox 584 1297 650 1367; x_wconf 84' lang='grc' dir='ltr'><em>άπὸ</em></span> <span class='ocrx_word' id='word_1_68' title='bbox 673 1305 739 1368; x_wconf 84' lang='grc' dir='ltr'><em>τῶν</em></span> <span class='ocrx_word' id='word_1_69' title='bbox 761 1307 797 1367; x_wconf 82' lang='grc' dir='ltr'><em>έν</em></span> <span class='ocrx_word' id='word_1_70' title='bbox 826 1311 895 1379; x_wconf 86' lang='grc' dir='ltr'><em>τοῖς</em></span> <span class='ocrx_word' id='word_1_71' title='bbox 923 1297 1054 1386; x_wconf 86' lang='grc' dir='ltr'><em>σώμασι</em></span> <span class='ocrx_word' id='word_1_72' title='bbox 1082 1296 1260 1386; x_wconf 82' lang='grc' dir='ltr'><em>δυνάμεων,</em></span> 
     </span>
     <span class='ocr_line' id='line_1_10' title="bbox 208 1408 1297 1501; baseline -0.005 -24"><span class='ocrx_word' id='word_1_73' title='bbox 208 1409 448 1499; x_wconf 76' lang='grc' dir='ltr'><em>προηγούμενοι</em></span> <span class='ocrx_word' id='word_1_74' title='bbox 476 1412 505 1478; x_wconf 87' lang='grc' dir='ltr'><em>δ’</em></span> <span class='ocrx_word' id='word_1_75' title='bbox 526 1413 634 1480; x_wconf 80' lang='grc' dir='ltr'><em>αὐτῶν</em></span> <span class='ocrx_word' id='word_1_76' title='bbox 663 1416 718 1478; x_wconf 85' lang='grc' dir='ltr'><em>καὶ</em></span> <span class='ocrx_word' id='word_1_77' title='bbox 746 1408 1012 1501; x_wconf 77' lang='grc' dir='ltr'><em>προϋπάρχοντες</em></span> <span class='ocrx_word' id='word_1_78' title='bbox 1034 1413 1297 1496; x_wconf 72' lang='grc' dir='ltr'><em>συγκινοὶνταιν</em></span> 
     </span>
     <span class='ocr_line' id='line_1_11' title="bbox 208 1519 1261 1609; baseline -0.001 -20"><span class='ocrx_word' id='word_1_79' title='bbox 208 1522 324 1601; x_wconf 80' lang='grc' dir='ltr'><em>αὐτοῖς</em></span> <span class='ocrx_word' id='word_1_80' title='bbox 347 1522 513 1609; x_wconf 79' lang='grc' dir='ltr'><em>ὁμοειδῶς.</em></span> <span class='ocrx_word' id='word_1_81' title='bbox 560 1531 586 1590; x_wconf 85' lang='lat' dir='ltr'><strong>sl</strong></span> <span class='ocrx_word' id='word_1_82' title='bbox 608 1526 644 1589; x_wconf 88' lang='grc' dir='ltr'><em>δέ</em></span> <span class='ocrx_word' id='word_1_83' title='bbox 666 1519 707 1604; x_wconf 75' lang='grc' dir='ltr'><em>δὴ</em></span> <span class='ocrx_word' id='word_1_84' title='bbox 731 1520 784 1589; x_wconf 89' lang='grc' dir='ltr'><em>ὅτι</em></span> <span class='ocrx_word' id='word_1_85' title='bbox 810 1519 955 1608; x_wconf 87' lang='grc' dir='ltr'><em>μάλιστα</em></span> <span class='ocrx_word' id='word_1_86' title='bbox 984 1527 1040 1588; x_wconf 80' lang='grc' dir='ltr'><em>καὶ</em></span> <span class='ocrx_word' id='word_1_87' title='bbox 1068 1519 1171 1599; x_wconf 78' lang='grc' dir='ltr'><em>οὕτως</em></span> <span class='ocrx_word' id='word_1_88' title='bbox 1199 1526 1261 1588; x_wconf 79' lang='lat' dir='ltr'><strong>eloi</strong></span> 
     </span>
     <span class='ocr_line' id='line_1_12' title="bbox 209 1630 1261 1722; baseline 0 -23"><span class='ocrx_word' id='word_1_89' title='bbox 209 1638 406 1718; x_wconf 87' lang='grc' dir='ltr'><em>συμπαθεῖς,</em></span> <span class='ocrx_word' id='word_1_90' title='bbox 436 1635 493 1721; x_wconf 85' lang='grc' dir='ltr'><em>οὐχ</em></span> <span class='ocrx_word' id='word_1_91' title='bbox 524 1635 590 1722; x_wconf 84' lang='grc' dir='ltr'><em>ὁρῶ</em></span> <span class='ocrx_word' id='word_1_92' title='bbox 619 1638 696 1701; x_wconf 80' lang='grc' dir='ltr'><em>τίνοι</em></span> <span class='ocrx_word' id='word_1_93' title='bbox 717 1630 843 1721; x_wconf 88' lang='grc' dir='ltr'><em>τρόπον</em></span> <span class='ocrx_word' id='word_1_94' title='bbox 865 1632 1011 1699; x_wconf 74' lang='grc' dir='ltr'><em>εἴσονταί</em></span> <span class='ocrx_word' id='word_1_95' title='bbox 1039 1657 1071 1698; x_wconf 88' lang='grc' dir='ltr'><em>τι</em></span> <span class='ocrx_word' id='word_1_96' title='bbox 1098 1637 1172 1721; x_wconf 80' lang='grc' dir='ltr'><em>περὶ</em></span> <span class='ocrx_word' id='word_1_97' title='bbox 1200 1635 1261 1699; x_wconf 80' lang='grc' dir='ltr'><em>τοῦ</em></span> 
     </span>
     <span class='ocr_line' id='line_1_13' title="bbox 207 1740 1315 1831; baseline 0.001 -23"><span class='ocrx_word' id='word_1_98' title='bbox 207 1746 384 1829; x_wconf 85' lang='grc' dir='ltr'><em>μέλλοντος</em></span> <span class='ocrx_word' id='word_1_99' title='bbox 412 1744 548 1825; x_wconf 82' lang='grc' dir='ltr'><em>ἀληθές.</em></span> <span class='ocrx_word' id='word_1_100' title='bbox 600 1743 638 1810; x_wconf 86' lang='grc' dir='ltr'><em>ού</em></span> <span class='ocrx_word' id='word_1_101' title='bbox 666 1740 730 1829; x_wconf 82' lang='grc' dir='ltr'><em>γάρ</em></span> <span class='ocrx_word' id='word_1_102' title='bbox 760 1746 962 1829; x_wconf 81' lang='grc' dir='ltr'><em>συμπαθοῦς</em></span> <span class='ocrx_word' id='word_1_103' title='bbox 990 1741 1157 1831; x_wconf 86' lang='grc' dir='ltr'><em>δυνάμεως</em></span> <span class='ocrx_word' id='word_1_104' title='bbox 1186 1741 1256 1810; x_wconf 82' lang='grc' dir='ltr'><em>οὐδ</em></span> <span class='ocrx_word' id='word_1_105' title='bbox 1281 1747 1315 1798; x_wconf 79' lang='lat'><em>¹²</em></span> 
     </span>
     <span class='ocr_line' id='line_1_14' title="bbox 208 1850 1260 1943; baseline 0.003 -24"><span class='ocrx_word' id='word_1_106' title='bbox 208 1851 323 1920; x_wconf 83' lang='grc' dir='ltr'><em>ένύλου</em></span> <span class='ocrx_word' id='word_1_107' title='bbox 346 1858 400 1920; x_wconf 80' lang='grc' dir='ltr'><em>καὶ</em></span> <span class='ocrx_word' id='word_1_108' title='bbox 423 1860 640 1941; x_wconf 86' lang='grc' dir='ltr'><em>κατεχομένης</em></span> <span class='ocrx_word' id='word_1_109' title='bbox 663 1858 696 1921; x_wconf 84' lang='grc' dir='ltr'><em>έν</em></span> <span class='ocrx_word' id='word_1_110' title='bbox 718 1879 782 1920; x_wconf 90' lang='grc' dir='ltr'><em>τινι</em></span> <span class='ocrx_word' id='word_1_111' title='bbox 804 1852 894 1940; x_wconf 82' lang='grc' dir='ltr'><em>τύπῳ</em></span> <span class='ocrx_word' id='word_1_112' title='bbox 909 1859 964 1922; x_wconf 81' lang='grc' dir='ltr'><em>καὶ</em></span> <span class='ocrx_word' id='word_1_113' title='bbox 981 1852 1107 1939; x_wconf 82' lang='grc' dir='ltr'><em>σάματι</em></span> <span class='ocrx_word' id='word_1_114' title='bbox 1121 1850 1160 1920; x_wconf 82' lang='grc' dir='ltr'><em>τὸ</em></span> <span class='ocrx_word' id='word_1_115' title='bbox 1178 1879 1260 1943; x_wconf 86' lang='grc' dir='ltr'><em>προ·</em></span> 
     </span>
     <span class='ocr_line' id='line_1_15' title="bbox 208 1961 1259 2054; baseline 0.003 -25"><span class='ocrx_word' id='word_1_116' title='bbox 208 1962 398 2050; x_wconf 82' lang='grc' dir='ltr'><em>γιγνώσκειν</em></span> <span class='ocrx_word' id='word_1_117' title='bbox 420 1969 479 2051; x_wconf 82' lang='grc' dir='ltr'><em>μὲν</em></span> <span class='ocrx_word' id='word_1_118' title='bbox 501 1970 555 2032; x_wconf 86' lang='grc' dir='ltr'><em>καὶ</em></span> <span class='ocrx_word' id='word_1_119' title='bbox 579 1963 778 2054; x_wconf 81' lang='grc' dir='ltr'><em>προμηνύειν</em></span> <span class='ocrx_word' id='word_1_120' title='bbox 801 1961 838 2032; x_wconf 78' lang='lat' dir='ltr'><em>td</em></span> <span class='ocrx_word' id='word_1_121' title='bbox 861 1968 990 2054; x_wconf 87' lang='grc' dir='ltr'><em>μέλλον,</em></span> <span class='ocrx_word' id='word_1_122' title='bbox 1013 1962 1099 2032; x_wconf 78' lang='grc' dir='ltr'><em>ἀλλὰ</em></span> <span class='ocrx_word' id='word_1_123' title='bbox 1121 1964 1259 2033; x_wconf 81' lang='grc' dir='ltr'><em>τούναν-</em></span> 
     </span>
     <span class='ocr_line' id='line_1_16' title="bbox 208 2072 1314 2162; baseline 0.001 -21"><span class='ocrx_word' id='word_1_124' title='bbox 208 2081 279 2142; x_wconf 82' lang='grc' dir='ltr'><em>τίον</em></span> <span class='ocrx_word' id='word_1_125' title='bbox 301 2079 359 2155; x_wconf 81' lang='grc' dir='ltr'><em>τῆς</em></span> <span class='ocrx_word' id='word_1_126' title='bbox 382 2072 449 2142; x_wconf 86' lang='grc' dir='ltr'><em>άπὸ</em></span> <span class='ocrx_word' id='word_1_127' title='bbox 472 2074 606 2142; x_wconf 87' lang='grc' dir='ltr'><em>πάντων</em></span> <span class='ocrx_word' id='word_1_128' title='bbox 634 2073 758 2144; x_wconf 87' lang='grc' dir='ltr'><em>τούτων</em></span> <span class='ocrx_word' id='word_1_129' title='bbox 790 2075 1042 2162; x_wconf 85' lang='grc' dir='ltr'><em>άπολιλυμένης.</em></span> <span class='ocrx_word' id='word_1_130' title='bbox 1087 2079 1142 2143; x_wconf 78' lang='grc' dir='ltr'><em>καὶ</em></span> <span class='ocrx_word' id='word_1_131' title='bbox 1174 2073 1260 2157; x_wconf 85' lang='grc' dir='ltr'><em>αύτη</em></span> <span class='ocrx_word' id='word_1_132' title='bbox 1282 2084 1314 2135; x_wconf 77' lang='lat'><em>1⁶</em></span> 
     </span>
     <span class='ocr_line' id='line_1_17' title="bbox 207 2179 1036 2274; baseline -0.002 -21"><span class='ocrx_word' id='word_1_133' title='bbox 207 2184 247 2266; x_wconf 80' lang='grc' dir='ltr'><em>δὴ</em></span> <span class='ocrx_word' id='word_1_134' title='bbox 272 2179 331 2255; x_wconf 80' lang='grc' dir='ltr'><em>οὖν</em></span> <span class='ocrx_word' id='word_1_135' title='bbox 354 2187 374 2268; x_wconf 86' lang='grc' dir='ltr'><em>ἡ</em></span> <span class='ocrx_word' id='word_1_136' title='bbox 398 2187 478 2268; x_wconf 81' lang='grc' dir='ltr'><em>δόξα</em></span> <span class='ocrx_word' id='word_1_137' title='bbox 504 2185 657 2265; x_wconf 81' lang='grc' dir='ltr'><em>τοιαύτας</em></span> <span class='ocrx_word' id='word_1_138' title='bbox 680 2193 775 2274; x_wconf 81' lang='grc' dir='ltr'><em>έχέτιυ</em></span> <span class='ocrx_word' id='word_1_139' title='bbox 800 2185 859 2266; x_wconf 83' lang='grc' dir='ltr'><em>τάς</em></span> <span class='ocrx_word' id='word_1_140' title='bbox 881 2186 1036 2265; x_wconf 81' lang='grc' dir='ltr'><em>εὐθύνας.</em></span> 
     </span>
    </p>
   </div>
   <div class='ocr_carea' id='block_1_3' title="bbox 277 2474 1262 2886">
    <p class='ocr_par' dir='ltr' id='par_1_3' title="bbox 277 2474 1262 2886">
     <span class='ocr_line' id='line_1_18' title="bbox 277 2474 1261 2548; baseline -0.001 -19"><span class='ocrx_word' id='word_1_141' title='bbox 277 2480 302 2529; x_wconf 86' lang='grc'><em>2.</em></span> <span class='ocrx_word' id='word_1_142' title='bbox 330 2475 413 2545; x_wconf 73' lang='grc' dir='ltr'><em>ἑαυτῷ</em></span> <span class='ocrx_word' id='word_1_143' title='bbox 431 2477 464 2527; x_wconf 92' lang='lat' dir='ltr'><em>D.</em></span> <span class='ocrx_word' id='word_1_144' title='bbox 600 2480 625 2529; x_wconf 84' lang='lat'><em>5.</em></span> <span class='ocrx_word' id='word_1_145' title='bbox 653 2474 708 2543; x_wconf 81' lang='grc' dir='ltr'><em>τις]</em></span> <span class='ocrx_word' id='word_1_146' title='bbox 728 2482 785 2536; x_wconf 85' lang='grc' dir='ltr'><em>τοῖς</em></span> <span class='ocrx_word' id='word_1_147' title='bbox 805 2477 837 2526; x_wconf 90' lang='grc' dir='ltr'><em>Ι).</em></span> <span class='ocrx_word' id='word_1_148' title='bbox 973 2477 997 2528; x_wconf 86' lang='grc'><em>6.</em></span> <span class='ocrx_word' id='word_1_149' title='bbox 1025 2483 1214 2548; x_wconf 75' lang='grc' dir='ltr'><em>προσαγομένη</em></span> <span class='ocrx_word' id='word_1_150' title='bbox 1234 2479 1261 2528; x_wconf 76' lang='grc' dir='ltr'><em>δὲ</em></span> 
     </span>
     <span class='ocr_line' id='line_1_19' title="bbox 278 2557 1261 2635; baseline -0.001 -22"><span class='ocrx_word' id='word_1_151' title='bbox 278 2559 348 2635; x_wconf 67' lang='grc' dir='ltr'><em>αὐτῇ</em></span> <span class='ocrx_word' id='word_1_152' title='bbox 370 2562 421 2622; x_wconf 74' lang='grc' dir='ltr'><em>ΑΟ,</em></span> <span class='ocrx_word' id='word_1_153' title='bbox 448 2565 638 2634; x_wconf 80' lang='grc' dir='ltr'><em>προσαγομένη</em></span> <span class='ocrx_word' id='word_1_154' title='bbox 657 2565 683 2614; x_wconf 72' lang='grc' dir='ltr'><em>δέ</em></span> <span class='ocrx_word' id='word_1_155' title='bbox 702 2557 769 2628; x_wconf 72' lang='grc' dir='ltr'><em>αὕτη</em></span> <span class='ocrx_word' id='word_1_156' title='bbox 787 2562 820 2613; x_wconf 88' lang='grc' dir='ltr'><em>Ι).</em></span> <span class='ocrx_word' id='word_1_157' title='bbox 940 2562 979 2612; x_wconf 90' lang='lat'><em>10.</em></span> <span class='ocrx_word' id='word_1_158' title='bbox 1009 2559 1108 2628; x_wconf 82' lang='grc' dir='ltr'><em>οὕτως]</em></span> <span class='ocrx_word' id='word_1_159' title='bbox 1127 2562 1162 2613; x_wconf 83' lang='lat' dir='ltr'><em>sic</em></span> <span class='ocrx_word' id='word_1_160' title='bbox 1179 2560 1261 2624; x_wconf 85' lang='lat' dir='ltr'>ACD,</span> 
     </span>
     <span class='ocr_line' id='line_1_20' title="bbox 279 2644 1261 2717; baseline 0 -20"><span class='ocrx_word' id='word_1_161' title='bbox 279 2645 347 2699; x_wconf 80' lang='grc' dir='ltr'><em>οὕτω</em></span> <span class='ocrx_word' id='word_1_162' title='bbox 367 2648 400 2700; x_wconf 90' lang='grc' dir='ltr'><em>Ο.</em></span> <span class='ocrx_word' id='word_1_163' title='bbox 532 2652 573 2702; x_wconf 88' lang='grc'><em>13.</em></span> <span class='ocrx_word' id='word_1_164' title='bbox 601 2645 666 2713; x_wconf 88' lang='grc' dir='ltr'><em>τινι]</em></span> <span class='ocrx_word' id='word_1_165' title='bbox 684 2665 739 2700; x_wconf 90' lang='grc' dir='ltr'><em>τισι</em></span> <span class='ocrx_word' id='word_1_166' title='bbox 756 2647 789 2698; x_wconf 89' lang='grc' dir='ltr'><em>Ι).</em></span> <span class='ocrx_word' id='word_1_167' title='bbox 920 2649 1018 2701; x_wconf 79' lang='grc'><strong>13.14.</strong></span> <span class='ocrx_word' id='word_1_168' title='bbox 1046 2644 1261 2717; x_wconf 70' lang='grc' dir='ltr'><em>προγιγνώσκειν]</em></span> 
     </span>
     <span class='ocr_line' id='line_1_21' title="bbox 278 2730 1262 2805; baseline 0 -23"><span class='ocrx_word' id='word_1_169' title='bbox 278 2734 313 2783; x_wconf 83' lang='lat' dir='ltr'><em>sic</em></span> <span class='ocrx_word' id='word_1_170' title='bbox 337 2733 394 2798; x_wconf 73' lang='lat' dir='ltr'><em>AC,</em></span> <span class='ocrx_word' id='word_1_171' title='bbox 422 2735 605 2805; x_wconf 81' lang='grc' dir='ltr'><em>προγινώσκειν</em></span> <span class='ocrx_word' id='word_1_172' title='bbox 628 2733 665 2793; x_wconf 87' lang='grc' dir='ltr'><em>Ι),</em></span> <span class='ocrx_word' id='word_1_173' title='bbox 694 2730 866 2801; x_wconf 79' lang='grc' dir='ltr'><em>προγνύσκειν</em></span> <span class='ocrx_word' id='word_1_174' title='bbox 885 2733 918 2785; x_wconf 92' lang='grc'><em>0.</em></span> <span class='ocrx_word' id='word_1_175' title='bbox 1063 2735 1105 2786; x_wconf 80' lang='grc'><em>14.</em></span> <span class='ocrx_word' id='word_1_176' title='bbox 1137 2730 1199 2804; x_wconf 78' lang='grc' dir='ltr'><em>μέν]</em></span> <span class='ocrx_word' id='word_1_177' title='bbox 1227 2732 1262 2782; x_wconf 83' lang='lat' dir='ltr'><em>sic</em></span> 
     </span>
     <span class='ocr_line' id='line_1_22' title="bbox 281 2812 1164 2886; baseline 0 -17"><span class='ocrx_word' id='word_1_178' title='bbox 281 2819 344 2869; x_wconf 85' lang='lat' dir='ltr'><strong>Gale</strong></span> <span class='ocrx_word' id='word_1_179' title='bbox 362 2833 421 2880; x_wconf 73' lang='lat' dir='ltr'><strong>not,</strong></span> <span class='ocrx_word' id='word_1_180' title='bbox 449 2822 475 2870; x_wconf 78' lang='grc' dir='ltr'><em>δὲ</em></span> <span class='ocrx_word' id='word_1_181' title='bbox 494 2819 527 2870; x_wconf 93' lang='lat'><em>0.</em></span> <span class='ocrx_word' id='word_1_182' title='bbox 637 2822 677 2872; x_wconf 77' lang='lat'><em>15.</em></span> <span class='ocrx_word' id='word_1_183' title='bbox 706 2815 775 2885; x_wconf 86' lang='grc' dir='ltr'><em>άπὸ]</em></span> <span class='ocrx_word' id='word_1_184' title='bbox 794 2821 836 2871; x_wconf 71' lang='grc' dir='ltr'><em>ἐπὶ</em></span> <span class='ocrx_word' id='word_1_185' title='bbox 855 2820 886 2871; x_wconf 71' lang='grc' dir='ltr'><em>(λ</em></span> <span class='ocrx_word' id='word_1_186' title='bbox 909 2812 921 2886; x_wconf 87' lang='grc' dir='ltr'><em>ΙΙ</em></span> <span class='ocrx_word' id='word_1_187' title='bbox 942 2817 1042 2871; x_wconf 77' lang='grc' dir='ltr'><em>τούτων</em></span> <span class='ocrx_word' id='word_1_188' title='bbox 1061 2839 1111 2870; x_wconf 92' lang='lat' dir='ltr'><em>om.</em></span> <span class='ocrx_word' id='word_1_189' title='bbox 1131 2819 1164 2871; x_wconf 93' lang='grc'><em>0.</em></span> 
     </span>
    </p>
   </div>
   <div class='ocr_carea' id='block_1_4' title="bbox 208 3101 1264 4109">
    <p class='ocr_par' dir='ltr' id='par_1_4' title="bbox 208 3101 1264 4109">
     <span class='ocr_line' id='line_1_23' title="bbox 209 3101 1264 3179; baseline -0.004 -21"><span class='ocrx_word' id='word_1_190' title='bbox 209 3104 342 3158; x_wconf 88' lang='lat' dir='ltr'><strong>minantur</strong></span> <span class='ocrx_word' id='word_1_191' title='bbox 361 3104 445 3157; x_wconf 87' lang='lat' dir='ltr'><strong>mains</strong></span> <span class='ocrx_word' id='word_1_192' title='bbox 464 3102 564 3179; x_wconf 89' lang='lat' dir='ltr'><strong>aliquid</strong></span> <span class='ocrx_word' id='word_1_193' title='bbox 583 3102 682 3159; x_wconf 89' lang='lat' dir='ltr'><strong>habere</strong></span> <span class='ocrx_word' id='word_1_194' title='bbox 699 3124 778 3179; x_wconf 88' lang='lat' dir='ltr'><strong>quam</strong></span> <span class='ocrx_word' id='word_1_195' title='bbox 797 3103 868 3179; x_wconf 88' lang='lat' dir='ltr'><strong>qnod</strong></span> <span class='ocrx_word' id='word_1_196' title='bbox 887 3106 912 3159; x_wconf 91' lang='lat' dir='ltr'><em>ei</em></span> <span class='ocrx_word' id='word_1_197' title='bbox 930 3103 1044 3160; x_wconf 89' lang='lat' dir='ltr'><strong>traditur</strong></span> <span class='ocrx_word' id='word_1_198' title='bbox 1062 3122 1077 3157; x_wconf 85' lang='lat' dir='ltr'><strong>a</strong></span> <span class='ocrx_word' id='word_1_199' title='bbox 1096 3119 1174 3157; x_wconf 86' lang='lat' dir='ltr'><strong>cansa</strong></span> <span class='ocrx_word' id='word_1_200' title='bbox 1189 3101 1264 3177; x_wconf 88' lang='lat' dir='ltr'><strong>prin·</strong></span> 
     </span>
     <span class='ocr_line' id='line_1_24' title="bbox 210 3184 1264 3267; baseline -0.004 -22"><span class='ocrx_word' id='word_1_201' title='bbox 210 3188 332 3266; x_wconf 89' lang='lat' dir='ltr'><strong>cipaliter</strong></span> <span class='ocrx_word' id='word_1_202' title='bbox 349 3199 497 3264; x_wconf 80' lang='lat' dir='ltr'><strong>generante.</strong></span> <span class='ocrx_word' id='word_1_203' title='bbox 545 3188 596 3246; x_wconf 83' lang='lat' dir='ltr'><strong>lroc</strong></span> <span class='ocrx_word' id='word_1_204' title='bbox 614 3199 702 3246; x_wconf 86' lang='lat' dir='ltr'><strong>autem</strong></span> <span class='ocrx_word' id='word_1_205' title='bbox 720 3192 830 3267; x_wconf 90' lang='lat' dir='ltr'><strong>insuper</strong></span> <span class='ocrx_word' id='word_1_206' title='bbox 851 3189 1109 3266; x_wconf 75' lang='lat' dir='ltr'><strong>praestantissimam</strong></span> <span class='ocrx_word' id='word_1_207' title='bbox 1131 3184 1264 3263; x_wconf 58' lang='lat' dir='ltr'><strong>mandam</strong></span> 
     </span>
     <span class='ocr_line' id='line_1_25' title="bbox 210 3271 1264 3352; baseline -0.002 -23"><span class='ocrx_word' id='word_1_208' title='bbox 210 3276 390 3331; x_wconf 88' lang='lat' dir='ltr'><strong>accessionem</strong></span> <span class='ocrx_word' id='word_1_209' title='bbox 406 3274 514 3330; x_wconf 83' lang='lat' dir='ltr'><strong>videtur</strong></span> <span class='ocrx_word' id='word_1_210' title='bbox 532 3277 653 3351; x_wconf 88' lang='lat' dir='ltr'><strong>accipere</strong></span> <span class='ocrx_word' id='word_1_211' title='bbox 671 3277 703 3332; x_wconf 89' lang='lat' dir='ltr'><strong>ab</strong></span> <span class='ocrx_word' id='word_1_212' title='bbox 722 3297 754 3332; x_wconf 92' lang='lat' dir='ltr'><strong>eo</strong></span> <span class='ocrx_word' id='word_1_213' title='bbox 773 3276 846 3352; x_wconf 85' lang='lat' dir='ltr'><strong>qnod</strong></span> <span class='ocrx_word' id='word_1_214' title='bbox 858 3275 926 3332; x_wconf 91' lang='lat' dir='ltr'><strong>nihil</strong></span> <span class='ocrx_word' id='word_1_215' title='bbox 942 3285 992 3332; x_wconf 87' lang='lat' dir='ltr'><strong>est.</strong></span> <span class='ocrx_word' id='word_1_216' title='bbox 1040 3276 1092 3331; x_wconf 90' lang='lat' dir='ltr'><strong>nisi</strong></span> <span class='ocrx_word' id='word_1_217' title='bbox 1111 3275 1171 3350; x_wconf 84' lang='lat' dir='ltr'><strong>quia</strong></span> <span class='ocrx_word' id='word_1_218' title='bbox 1191 3271 1264 3329; x_wconf 84' lang='lat' dir='ltr'><strong>dicat</strong></span> 
     </span>
     <span class='ocr_line' id='line_1_26' title="bbox 209 3357 1264 3438; baseline -0.004 -21"><span class='ocrx_word' id='word_1_219' title='bbox 209 3361 351 3417; x_wconf 89' lang='lat' dir='ltr'><strong>daemonas</strong></span> <span class='ocrx_word' id='word_1_220' title='bbox 370 3360 524 3436; x_wconf 79' lang='lat' dir='ltr'><strong>praesidere</strong></span> <span class='ocrx_word' id='word_1_221' title='bbox 541 3364 666 3419; x_wconf 87' lang='lat' dir='ltr'><strong>materiae</strong></span> <span class='ocrx_word' id='word_1_222' title='bbox 685 3383 752 3438; x_wconf 89' lang='lat' dir='ltr'><strong>quae</strong></span> <span class='ocrx_word' id='word_1_223' title='bbox 770 3372 813 3418; x_wconf 89' lang='lat' dir='ltr'><em>est</em></span> <span class='ocrx_word' id='word_1_224' title='bbox 830 3362 863 3417; x_wconf 88' lang='lat' dir='ltr'><strong>ab</strong></span> <span class='ocrx_word' id='word_1_225' title='bbox 876 3361 1061 3429; x_wconf 85' lang='lat' dir='ltr'><strong>animantibus,</strong></span> <span class='ocrx_word' id='word_1_226' title='bbox 1080 3369 1107 3416; x_wconf 90' lang='lat' dir='ltr'><strong>et</strong></span> <span class='ocrx_word' id='word_1_227' title='bbox 1118 3357 1197 3414; x_wconf 82' lang='lat' dir='ltr'><strong>allata</strong></span> <span class='ocrx_word' id='word_1_228' title='bbox 1209 3379 1264 3414; x_wconf 92' lang='lat' dir='ltr'><strong>ma·</strong></span> 
     </span>
     <span class='ocr_line' id='line_1_27' title="bbox 208 3447 1263 3524; baseline -0.006 -20"><span class='ocrx_word' id='word_1_229' title='bbox 208 3450 275 3504; x_wconf 88' lang='lat' dir='ltr'><strong>teria</strong></span> <span class='ocrx_word' id='word_1_230' title='bbox 294 3449 487 3524; x_wconf 78' lang='lat' dir='ltr'><strong>compatienter</strong></span> <span class='ocrx_word' id='word_1_231' title='bbox 505 3467 565 3502; x_wconf 89' lang='lat' dir='ltr'><em>cnm</em></span> <span class='ocrx_word' id='word_1_232' title='bbox 584 3467 613 3503; x_wconf 94' lang='lat' dir='ltr'><em>ea</em></span> <span class='ocrx_word' id='word_1_233' title='bbox 626 3451 735 3504; x_wconf 84' lang='lat' dir='ltr'><strong>moveri.</strong></span> <span class='ocrx_word' id='word_1_234' title='bbox 779 3449 859 3523; x_wconf 89' lang='lat' dir='ltr'><strong>igitur</strong></span> <span class='ocrx_word' id='word_1_235' title='bbox 871 3450 943 3504; x_wconf 88' lang='lat' dir='ltr'><strong>iuxta</strong></span> <span class='ocrx_word' id='word_1_236' title='bbox 955 3447 1024 3504; x_wconf 84' lang='lat' dir='ltr'><strong>lianc</strong></span> <span class='ocrx_word' id='word_1_237' title='bbox 1038 3447 1194 3502; x_wconf 86' lang='lat' dir='ltr'><strong>sententiam</strong></span> <span class='ocrx_word' id='word_1_238' title='bbox 1206 3464 1263 3499; x_wconf 90' lang='lat' dir='ltr'><em>non</em></span> 
     </span>
     <span class='ocr_line' id='line_1_28' title="bbox 209 3531 1262 3612; baseline -0.003 -23"><span class='ocrx_word' id='word_1_239' title='bbox 209 3545 367 3610; x_wconf 82' lang='lat' dir='ltr'><strong>generantur</strong></span> <span class='ocrx_word' id='word_1_240' title='bbox 385 3531 527 3588; x_wconf 85' lang='lat' dir='ltr'><strong>daemones</strong></span> <span class='ocrx_word' id='word_1_241' title='bbox 545 3554 560 3588; x_wconf 87' lang='lat' dir='ltr'><strong>a</strong></span> <span class='ocrx_word' id='word_1_242' title='bbox 578 3534 680 3589; x_wconf 85' lang='lat' dir='ltr'><strong>viribus</strong></span> <span class='ocrx_word' id='word_1_243' title='bbox 699 3533 857 3609; x_wconf 89' lang='lat' dir='ltr'><strong>quibusdam</strong></span> <span class='ocrx_word' id='word_1_244' title='bbox 875 3537 902 3591; x_wconf 88' lang='lat' dir='ltr'><strong>in</strong></span> <span class='ocrx_word' id='word_1_245' title='bbox 925 3533 1085 3612; x_wconf 84' lang='lat' dir='ltr'><strong>corporibus</strong></span> <span class='ocrx_word' id='word_1_246' title='bbox 1106 3531 1262 3597; x_wconf 79' lang='lat' dir='ltr'><strong>latentibus,</strong></span> 
     </span>
     <span class='ocr_line' id='line_1_29' title="bbox 210 3616 1263 3695; baseline -0.002 -21"><span class='ocrx_word' id='word_1_247' title='bbox 210 3618 258 3674; x_wconf 89' lang='lat' dir='ltr'><em>sed</em></span> <span class='ocrx_word' id='word_1_248' title='bbox 275 3621 350 3695; x_wconf 87' lang='lat' dir='ltr'><strong>prius</strong></span> <span class='ocrx_word' id='word_1_249' title='bbox 370 3621 515 3674; x_wconf 82' lang='lat' dir='ltr'><strong>existentes</strong></span> <span class='ocrx_word' id='word_1_250' title='bbox 534 3619 707 3676; x_wconf 79' lang='lat' dir='ltr'><strong>conformiter</strong></span> <span class='ocrx_word' id='word_1_251' title='bbox 725 3619 821 3676; x_wconf 82' lang='lat' dir='ltr'><strong>adeas</strong></span> <span class='ocrx_word' id='word_1_252' title='bbox 840 3631 1048 3677; x_wconf 76' lang='lat' dir='ltr'><strong>commoventur.</strong></span> <span class='ocrx_word' id='word_1_253' title='bbox 1096 3618 1145 3675; x_wconf 85' lang='lat' dir='ltr'><em>aed</em></span> <span class='ocrx_word' id='word_1_254' title='bbox 1162 3616 1203 3674; x_wconf 87' lang='lat' dir='ltr'><strong>lac</strong></span> <span class='ocrx_word' id='word_1_255' title='bbox 1221 3619 1263 3673; x_wconf 89' lang='lat' dir='ltr'><em>sic</em></span> 
     </span>
     <span class='ocr_line' id='line_1_30' title="bbox 210 3703 1263 3784; baseline -0.001 -25"><span class='ocrx_word' id='word_1_256' title='bbox 210 3722 272 3759; x_wconf 87' lang='lat' dir='ltr'><strong>esse</strong></span> <span class='ocrx_word' id='word_1_257' title='bbox 290 3706 508 3782; x_wconf 80' lang='lat' dir='ltr'><strong>sympathetieos‚</strong></span> <span class='ocrx_word' id='word_1_258' title='bbox 532 3705 650 3761; x_wconf 90' lang='lat' dir='ltr'><strong>nondum</strong></span> <span class='ocrx_word' id='word_1_259' title='bbox 668 3716 755 3762; x_wconf 90' lang='lat' dir='ltr'><strong>tamen</strong></span> <span class='ocrx_word' id='word_1_260' title='bbox 774 3706 894 3784; x_wconf 81' lang='lat' dir='ltr'><strong>intelligo</strong></span> <span class='ocrx_word' id='word_1_261' title='bbox 916 3708 962 3782; x_wconf 88' lang='lat' dir='ltr'><strong>qui</strong></span> <span class='ocrx_word' id='word_1_262' title='bbox 984 3715 1100 3783; x_wconf 86' lang='lat' dir='ltr'><strong>possunt</strong></span> <span class='ocrx_word' id='word_1_263' title='bbox 1118 3703 1263 3781; x_wconf 80' lang='lat' dir='ltr'><strong>quidquam</strong></span> 
     </span>
     <span class='ocr_line' id='line_1_31' title="bbox 209 3787 1263 3869; baseline 0.006 -27"><span class='ocrx_word' id='word_1_264' title='bbox 209 3787 358 3845; x_wconf 78' lang='lat' dir='ltr'><strong>futurorum</strong></span> <span class='ocrx_word' id='word_1_265' title='bbox 375 3792 533 3868; x_wconf 82' lang='lat' dir='ltr'><strong>praevidere</strong></span> <span class='ocrx_word' id='word_1_266' title='bbox 550 3802 633 3848; x_wconf 87' lang='lat' dir='ltr'><strong>certo.</strong></span> <span class='ocrx_word' id='word_1_267' title='bbox 678 3792 826 3869; x_wconf 86' lang='lat' dir='ltr'><strong>praedictio</strong></span> <span class='ocrx_word' id='word_1_268' title='bbox 850 3795 920 3849; x_wconf 89' lang='lat' dir='ltr'><strong>enim</strong></span> <span class='ocrx_word' id='word_1_269' title='bbox 944 3791 1025 3848; x_wconf 81' lang='lat' dir='ltr'><strong>futuri</strong></span> <span class='ocrx_word' id='word_1_270' title='bbox 1048 3803 1075 3848; x_wconf 88' lang='lat' dir='ltr'><em>ct</em></span> <span class='ocrx_word' id='word_1_271' title='bbox 1097 3791 1263 3869; x_wconf 87' lang='lat' dir='ltr'><strong>praesignifi-</strong></span> 
     </span>
     <span class='ocr_line' id='line_1_32' title="bbox 209 3876 1264 3956; baseline 0.002 -25"><span class='ocrx_word' id='word_1_272' title='bbox 209 3876 280 3931; x_wconf 91' lang='lat' dir='ltr'><strong>catio</strong></span> <span class='ocrx_word' id='word_1_273' title='bbox 298 3894 353 3929; x_wconf 92' lang='lat' dir='ltr'><em>non</em></span> <span class='ocrx_word' id='word_1_274' title='bbox 371 3887 414 3932; x_wconf 88' lang='lat' dir='ltr'><em>est</em></span> <span class='ocrx_word' id='word_1_275' title='bbox 431 3898 499 3954; x_wconf 91' lang='lat' dir='ltr'><strong>opus</strong></span> <span class='ocrx_word' id='word_1_276' title='bbox 517 3889 627 3935; x_wconf 86' lang='lat' dir='ltr'><strong>naturae</strong></span> <span class='ocrx_word' id='word_1_277' title='bbox 643 3878 782 3956; x_wconf 86' lang='lat' dir='ltr'><strong>passibilis</strong></span> <span class='ocrx_word' id='word_1_278' title='bbox 800 3889 827 3935; x_wconf 91' lang='lat' dir='ltr'><strong>et</strong></span> <span class='ocrx_word' id='word_1_279' title='bbox 849 3877 993 3936; x_wconf 87' lang='lat' dir='ltr'><strong>materialis</strong></span> <span class='ocrx_word' id='word_1_280' title='bbox 1019 3899 1139 3956; x_wconf 82' lang='lat' dir='ltr'><strong>quaeque</strong></span> <span class='ocrx_word' id='word_1_281' title='bbox 1156 3878 1217 3935; x_wconf 91' lang='lat' dir='ltr'><strong>loco</strong></span> <span class='ocrx_word' id='word_1_282' title='bbox 1235 3888 1264 3933; x_wconf 88' lang='lat' dir='ltr'><strong>et</strong></span> 
     </span>
     <span class='ocr_line' id='line_1_33' title="bbox 208 3959 1264 4042; baseline 0.003 -26"><span class='ocrx_word' id='word_1_283' title='bbox 208 3971 330 4038; x_wconf 90' lang='lat' dir='ltr'><strong>tempore</strong></span> <span class='ocrx_word' id='word_1_284' title='bbox 347 3959 493 4028; x_wconf 83' lang='lat' dir='ltr'><strong>claudatur,</strong></span> <span class='ocrx_word' id='word_1_285' title='bbox 512 3965 560 4020; x_wconf 88' lang='lat' dir='ltr'><em>sed</em></span> <span class='ocrx_word' id='word_1_286' title='bbox 579 3986 594 4020; x_wconf 94' lang='lat' dir='ltr'><strong>e</strong></span> <span class='ocrx_word' id='word_1_287' title='bbox 612 3976 704 4021; x_wconf 88' lang='lat' dir='ltr'><strong>contra</strong></span> <span class='ocrx_word' id='word_1_288' title='bbox 722 3968 755 4023; x_wconf 88' lang='lat' dir='ltr'><strong>ab</strong></span> <span class='ocrx_word' id='word_1_289' title='bbox 772 3965 816 4021; x_wconf 88' lang='lat' dir='ltr'><em>his</em></span> <span class='ocrx_word' id='word_1_290' title='bbox 829 3966 952 4022; x_wconf 88' lang='lat' dir='ltr'><strong>omnibus</strong></span> <span class='ocrx_word' id='word_1_291' title='bbox 965 3964 1075 4022; x_wconf 83' lang='lat' dir='ltr'><strong>solutae.</strong></span> <span class='ocrx_word' id='word_1_292' title='bbox 1120 3968 1171 4022; x_wconf 90' lang='lat' dir='ltr'><strong>ista</strong></span> <span class='ocrx_word' id='word_1_293' title='bbox 1184 3967 1264 4042; x_wconf 87' lang='lat' dir='ltr'><strong>igitur</strong></span> 
     </span>
     <span class='ocr_line' id='line_1_34' title="bbox 210 4044 816 4109; baseline 0.008 -7"><span class='ocrx_word' id='word_1_294' title='bbox 210 4049 341 4103; x_wconf 83' lang='lat' dir='ltr'><strong>sententia</strong></span> <span class='ocrx_word' id='word_1_295' title='bbox 360 4044 403 4102; x_wconf 88' lang='lat' dir='ltr'><em>his</em></span> <span class='ocrx_word' id='word_1_296' title='bbox 423 4053 578 4106; x_wconf 85' lang='lat' dir='ltr'><strong>co&#39;e&#39;rceatur</strong></span> <span class='ocrx_word' id='word_1_297' title='bbox 595 4053 816 4109; x_wconf 81' lang='lat' dir='ltr'><strong>correctionibus.</strong></span> 
     </span>
    </p>
   </div>
   <div class='ocr_carea' id='block_1_5' title="bbox 0 0 1392 4876">
    <p class='ocr_par' dir='ltr' id='par_1_5' title="bbox 0 0 1392 4876">
     <span class='ocr_line' id='line_1_35' title="bbox 0 0 1392 4876; baseline 0 0"><span class='ocrx_word' id='word_1_298' title='bbox 0 0 1392 4876; x_wconf 95' lang='lat' dir='ltr'><em> </em></span> 
     </span>
    </p>
   </div>
  </div>
 </body>
</html>
