2776 4876
213 347 265 413 ³³¹
1219 358 1269 414 lot

213 493 277 588 ἔχει
293 505 376 569 θεῖα
392 505 448 570 καὶ
463 502 672 591 θεωρήματα
685 506 930 595 ἐπιστημονικά.
954 507 997 576 τά
1012 510 1043 577 δ’
1058 507 1144 579 ἀλλα
1157 509 1270 580 πάντα

213 612 256 691 ὡς
278 610 409 702 όργανα
430 611 599 683 ὑπόκειται
614 619 652 710 τῇ
666 619 810 685 ἐνδεῶν
823 628 1100 716 ναεαπεμνιομίνρ
1113 625 1173 704 τῆς
1186 647 1271 712 noo«

178 740 193 792 3
214 721 366 810 γνώσεως
387 721 485 806 δόσει,
508 723 574 794 ὅσα
595 752 631 795 τε
652 732 728 817 περὶ
748 723 811 810 τὴν
831 727 944 820 φυγὴν
959 731 1053 818 ἡμῶν
1074 738 1144 802 ἐστὶ
1158 732 1270 801 καὶτὰ

213 839 309 922 σῶμα
331 839 389 903 καὶ
411 833 476 904 ὅσα
499 843 535 904 ἐν
556 841 595 928 τῇ
617 836 714 930 φύσει
735 844 796 907 τοῦ
816 837 943 920 παντὸς
956 839 979 924 ἢ
993 854 1066 923 ταῖς
1079 847 1178 923 ίδίαις
1191 843 1268 912 ἐνά-

212 967 297 1013 στων
319 942 459 1036 φύσεσιν
480 947 667 1037 ἐνυπάρχει·
699 954 769 1017 ἐνια
792 954 827 1019 δέ
849 952 893 1032 ὡς
914 959 949 1020 ἐν
970 951 1051 1036 ὕλης
1073 953 1163 1035 τάξει
1184 980 1267 1047 προ-

177 1054 387 1136 εύπόιιειται,
410 1055 476 1125 όσα
498 1057 610 1126 τόπων
631 1055 654 1142 ἢ
676 1058 786 1128 ἀλλων
807 1068 905 1131 τινῶν
926 1067 1034 1152 ἐχεται
1054 1063 1220 1133 τοιούτων.

299 1171 344 1236 Et
366 1166 409 1251 δή
430 1193 480 1248 τις
499 1169 679 1260 ἀφιέμενος
699 1176 765 1240 τῶν
778 1177 996 1262 πρωτουργῶν
1011 1180 1125 1244 αίτίωυ
1139 1181 1192 1244 ἐπὶ
1208 1173 1268 1257 τάς

211 1276 461 1368 δευτερουργοὺς
482 1278 663 1369 ὑπουργίας
685 1281 850 1376 ἀποφέροι
870 1283 984 1367 τὸτῆς
1001 1290 1170 1373 μαντικῆς,
1192 1285 1266 1356 οἷον

175 1386 353 1471 υκιυήσεις
376 1389 539 1477 σωμάτων
561 1388 583 1473 ἢ
603 1396 729 1461 παθῶν
750 1394 940 1482 μεταβολὰς
961 1393 983 1479 ἢ
1005 1404 1145 1485 γενέσεις
1171 1398 1266 1479 τιυάς

208 1505 321 1588 ἐτέρας
342 1496 364 1581 ἢ
386 1503 471 1582 ζωῆς
492 1500 710 1591 ἀνθρωπίνης
731 1508 894 1592 ἐνεργείας
915 1505 938 1589 ἢ
959 1507 1077 1594 λόγους
1098 1506 1265 1600 ἐμψύχους

208 1607 232 1691 ἢ
254 1610 411 1702 φυσικούς
432 1615 621 1700 τιθέμενος,
649 1616 778 1701 νομίζοι
800 1612 835 1682 τι
857 1622 962 1708 σαφὲς
982 1621 1102 1704 λέγειν,
1130 1616 1152 1701 ἢ
1181 1642 1265 1707 συμ·

157 1737 191 1788 12
208 1727 343 1812 μετρίας
364 1720 491 1790 τούτων
522 1719 605 1810 πρὸς
632 1721 760 1806 ἀλληλα
782 1726 826 1805 ὡς
853 1733 962 1807 αίτίας
988 1728 1265 1818 ἀναλογιζόμενος

207 1830 443 1918 ὑπολαμβάνοι
465 1829 526 1916 τὴν
548 1833 722 1922 ἀκρίβειαν
751 1836 949 1906 ἀποδιδόναι
969 1843 1044 1924 περὶ
1066 1839 1178 1923 αὐτῆς,
1203 1845 1264 1910 τοῦ

208 1939 334 2021 παντός
356 1941 586 2034 διημάρτηκεν.
623 1945 696 2014 ἀλλ)
716 1946 763 2027 εἷς
784 1946 863 2038 ὅρος
885 1945 994 2040 ὀρθός
1014 1954 1071 2019 καὶ
1091 1955 1154 2037 μία
1176 1949 1261 2042 ἀρχὴ

157 2075 189 2125 15
208 2058 281 2142 περὶ
304 2051 438 2122 πάντων
459 2053 625 2136 τοιούτων,
651 2060 812 2144 μηδαμῶς
834 2058 990 2139 ἀναιτίως
1011 2059 1174 2150 παράγειν
1200 2058 1262 2144 τὴν

207 2169 266 2233 τοῦ
286 2169 464 2252 μέλλοντος
485 2172 645 2251 μαντείαν
668 2165 736 2235 ἀπὸ
757 2172 824 2237 τῶν
844 2174 1009 2257 μηδεμίαν
1023 2169 1164 2258 ἐχόντων
1178 2170 1261 2261 πρό-

206 2298 327 2360 γνωσιν
349 2284 385 2344 ἐν
405 2283 545 2357 ἐαυτοῖς,
566 2275 635 2344 ἀπό
657 2280 692 2346 δὲ
714 2284 779 2347 τῶν
802 2284 894 2347 θεῶν
916 2285 981 2347 τῶν
1003 2280 1203 2367 συνεχόυτων
1225 2289 1261 2349 ἐν

277 2532 300 2580 7.
329 2522 430 2596 δῆῙέἰτ
450 2528 508 2592 ΑΙ),
532 2529 564 2582 δί
578 2528 612 2581 0.
633 2523 647 2597 ss
667 2525 798 2600 ἀφέμενος
816 2530 898 2582 ACD.
1005 2529 1029 2582 8.
1058 2525 1206 2600 ἀποφέροι]
1225 2530 1260 2582 sic

277 2613 330 2680 AC,
357 2610 485 2686 ἀποφίρει
503 2613 534 2665 0.
557 2608 571 2682 ΙΙ
590 2612 654 2682 τῆς]
672 2636 712 2675 τις
730 2616 764 2668 l).
855 2617 880 2669 9.
906 2614 1031 2684 γενέσεις]
1050 2615 1086 2668 sie
1105 2615 1189 2678 Aen,
1218 2638 1258 2668 ιιι-

276 2697 359 2768 νὴσεις
378 2701 412 2754 0.
485 2702 527 2753 12.
546 2695 768 2771 ἀπολογιζόμενος
785 2698 966 2771 ὑπολαμβάνει
985 2701 1065 2755 acl).
1138 2703 1180 2754 15.
1201 2721 1258 2754 τοι·

277 2783 378 2851 ούτων]
396 2784 432 2837 aie
450 2785 503 2850 Ac,
522 2805 573 2838 om.
592 2786 626 2839 0.
721 2789 763 2840 w.
791 2790 908 2858 μαντίων
925 2788 960 2840 0.
1055 2789 1097 2840 17.
1125 2787 1177 2840 τάν
1194 2805 1258 2840 συν-

276 2868 403 2938 εχόντων]
422 2870 458 2923 ιίε
476 2871 534 2935 ΑΙ),
561 2867 723 2938 συιεχόνιοιν
740 2872 774 2926 0.

207 3099 303 3156 organa
322 3080 500 3138 subiicinntur
517 3082 601 3136 misso
619 3081 748 3137 divinitus
766 3083 897 3159 praesagii
915 3081 995 3150 dono,
1018 3084 1076 3138 sive
1094 3080 1127 3137 ad
1145 3083 1259 3137 animam

205 3175 323 3222 nostram
340 3167 492 3244 pertineant
509 3169 568 3224 sive
590 3167 625 3223 ad
648 3187 763 3245 corpns‚
782 3169 841 3223 sive
862 3167 897 3223 aal
918 3177 1039 3224 naturam
1060 3167 1178 3222 universi
1200 3168 1258 3222 sive

205 3252 239 3307 ad
256 3251 430 3330 particulares
448 3271 537 3310 rernm
555 3252 717 3330 singularam
738 3262 860 3321 naturas,
883 3256 936 3310 nisi
960 3251 1033 3328 qnod
1056 3250 1183 3307 nonnulla
1204 3271 1258 3306 ma·

205 3340 288 3394 teriae
304 3340 378 3396 vices
398 3340 503 3408 obeant,
521 3349 552 3397 ut
568 3338 629 3396 loca
648 3348 675 3395 et
693 3337 797 3395 similia.

274 3424 306 3482 si
330 3428 391 3502 qnis
414 3445 477 3502 ergo
500 3425 668 3502 derelinquat
690 3445 783 3482 causas
805 3426 959 3503 primarias,
986 3434 1013 3480 et
1036 3426 1064 3480 in
1085 3419 1260 3478 secundariae

204 3530 301 3587 operas
319 3513 462 3568 manticem
479 3512 584 3582 referat,
603 3512 799 3589 substiteratque
817 3531 867 3591 pro
885 3513 989 3591 primis,
1012 3520 1100 3567 motus
1117 3516 1181 3585 puta
1200 3524 1259 3562 cor·

204 3614 304 3673 poreos
328 3597 517 3671 passionumve
539 3599 699 3654 mutationes
723 3607 768 3655 aut
785 3600 969 3675 generationes
993 3597 1101 3672 quasvis
1124 3592 1189 3649 alias
1212 3600 1258 3648 ant

204 3682 375 3759 operationes
393 3683 464 3738 vitae
482 3682 560 3739 huius
579 3693 696 3752 nostrae,
715 3693 760 3740 ant
778 3687 895 3740 rationes
914 3680 1040 3738 animales
1058 3689 1104 3736 ant
1120 3678 1257 3758 physicas,

204 3777 347 3846 speretque
364 3786 447 3845 posse
465 3789 496 3824 se
519 3771 586 3826 certi
608 3769 709 3847 aliquid
726 3769 836 3838 afferre,
857 3767 903 3825 vel
925 3769 1004 3823 etiam
1026 3768 1174 3834 existimet,
1197 3763 1261 3821 dili

203 3864 297 3930 genter
313 3854 410 3910 horum
428 3856 627 3911 convenientias
650 3858 722 3912 inter
743 3875 774 3911 se
797 3851 965 3910 observando
989 3861 1138 3909 accuratam
1161 3851 1194 3907 ale
1217 3850 1258 3906 di·

204 3943 340 3999 vinatione
359 3944 489 3999 rationem
508 3936 731 4009 redditurum‘se,
754 3941 778 3995 is
796 3939 905 4016 quidem
921 3936 1093 3995 vehementer
1110 3947 1188 3995 errat
1225 3955 1256 3990 ee

205 4029 311 4085 demum
328 4050 390 4086 vera
408 4031 477 4085 ratio
496 4029 667 4104 omniumque
683 4025 779 4082 horum
791 4027 865 4102 origo
877 4036 927 4094 est,
945 4035 976 4083 nt
986 4024 1061 4083 nullo
1076 4023 1156 4082 modo
1168 4031 1255 4077 tentes

205 4113 330 4190 colligere
348 4117 407 4172 sine
425 4135 503 4172 causa
525 4113 674 4172 futurorum
695 4113 897 4193 praenotionem
919 4135 953 4171 ex
975 4115 1009 4170 iis
1033 4132 1100 4190 qnae
1121 4105 1190 4164 nihil
1211 4105 1260 4162 lm.

204 4201 270 4258 bent
286 4203 489 4282 praescientiae,
507 4200 559 4259 sed
576 4222 592 4259 a
609 4200 662 4259 diis
680 4218 823 4270 arcessere,
841 4199 888 4278 qai
905 4200 974 4258 lines
991 4196 1150 4274 cognitionis
1168 4212 1261 4252 rernm
