2776 4876
208 367 267 423 1841
1221 363 1279 428 ⁴‚3

293 516 381 608 Ἔχει
402 522 437 586 δὲ
459 524 516 587 καὶ
537 514 641 587 όίλλου
663 517 764 604 λόγον
785 521 893 585 ταῦτα
914 519 1075 585 τοιοῦτον.
1115 519 1176 599 τῆς
1192 513 1275 599 ὅλης

211 634 393 723 θεονργίας
415 628 525 699 διττόν
548 637 617 698 ἐστι
638 628 824 720 πρόσχημα,
847 625 885 695 τό
901 632 962 716 μὲν
977 628 1020 707 ὡς
1034 627 1113 717 παρ’
1131 624 1273 716 ἀνθρώ-

210 767 283 813 πων
303 739 568 833 προσαγόμενον,
591 737 671 830 ὅπερ
686 738 728 822 δὴ
743 751 836 827 τηρεῖ
849 744 905 807 καὶ
920 735 981 823 τὴν
995 738 1159 830 ἡμετέραν
1173 735 1274 818 τοίξιν
1293 755 1309 807 3

210 855 254 934 ὡς
276 858 340 943 ἔχει
362 852 491 945 φύσεως
517 859 553 919 ἑν
576 855 622 936 τῷ
650 857 765 932 παντί,
795 848 834 918 τό
863 854 898 919 δὲ
927 846 1171 940 κρατυνόμενον
1202 861 1276 926 τοῖς

209 969 321 1043 θείοις
344 962 537 1051 συνθήμασι
560 965 616 1030 καί
631 960 700 1029 τίνω
717 969 882 1051 μετέωρον
897 961 939 1028 δι’
956 960 1066 1030 αὐτῶν
1081 970 1152 1038 τοῖς
1166 963 1276 1048 κρείτ-

209 1098 285 1144 τοσι
299 1079 556 1160 συναπτομίνον,
578 1069 818 1162 περιαμόμενόυ
834 1097 868 1140 τε
884 1075 1031 1160 ἐμμελῶς
1046 1075 1101 1141 ἐπὶ
1113 1071 1177 1153 τὴν
1192 1074 1277 1138 ἐκεί·
1295 1094 1311 1146 6

210 1209 278 1255 νων
300 1183 527 1272 διακόσμησιν,
552 1181 571 1252 d
595 1180 635 1265 δὴ
659 1181 800 1252 δύναται
822 1184 953 1263 ελκότως
975 1188 1031 1251 καὶ
1045 1178 1085 1250 τό
1100 1187 1165 1251 τῶν
1180 1183 1277 1249 θεῶν

213 1299 325 1384 σχῆμα
346 1300 601 1386 περιτίθεσθαι·
631 1292 716 1361 κατὰ
743 1289 805 1377 τὴν
828 1293 985 1377 τοιαύτην
1014 1287 1074 1363 οὖν
1105 1288 1278 1386 διαφορὰν

213 1406 344 1487 ελκότως
365 1411 421 1476 καὶ
443 1407 487 1487 ὡς
508 1411 697 1497 κρείττονας
718 1408 812 1473 καλεῖ
832 1403 893 1485 τὰς
916 1404 1059 1475 ἀπὸτοῦ
1074 1401 1204 1483 παντός
1219 1407 1312 1474 ‹iv-9

211 1515 335 1603 υοίμεις,
357 1516 514 1588 καθόσον
537 1523 626 1587 ἐστὶν
650 1517 668 1585 ὁ
691 1520 803 1586 καλῶν
825 1513 1010 1607 ἄνθρωπος
1031 1522 1088 1586 καὶ
1109 1514 1279 1584 ἐπιτάττει

213 1627 331 1708 αὐταῖς
353 1622 471 1707 αὖθις·
494 1624 604 1711 ἐπειδὴ
627 1626 862 1719 περιβάλλεταί
883 1654 953 1707 πως
975 1625 1032 1697 dod
1046 1633 1111 1695 τῶν
1127 1623 1278 1718 ἀπορρή-

137 1763 146 1776 ”
213 1737 478 1858 τωνλσηιβόλων
500 1741 539 1806 τό
561 1734 725 1827 ἱερατικὸν
747 1742 813 1806 τῶν
834 1743 926 1807 θεῶν
952 1738 1141 1830 πρόσχημα.
1298 1755 1329 1807 12

176 1852 197 1912 3
301 1850 543 1937 Ἀληθέστερον
570 1848 601 1916 δ’
620 1852 669 1916 ἔτι
689 1846 817 1918 τούτων
840 1848 1030 1930 διαλύοντες
1052 1846 1094 1919 τοί
1117 1853 1280 1938 διηπορη-

214 1966 314 2048 μίυα,
344 1961 503 2054 ἀφαιρεῖν
525 1961 681 2046 ἀξιοῦμεν
703 1957 766 2039 τὰς
791 1961 836 2040 ὡς
864 1961 915 2029 ἐπ’
935 1959 1126 2051 ἀνθρώπων
1156 1984 1280 2052 φαινο-

215 2078 318 2160 μένας
340 2079 376 2140 ὲν
398 2076 445 2158 τῷ
467 2075 580 2141 καλεῖν
602 2069 826 2162 παρακλήσεις
848 2076 905 2138 καὶ
927 2067 988 2148 τας
1010 2074 1064 2138 ἐπὶ
1086 2074 1127 2162 τῇ
1142 2076 1208 2137 τῶν
1224 2075 1279 2160 ίρ-
1297 2096 1329 2146 15

215 2208 283 2269 μου
298 2180 445 2251 διαυόσει
460 2179 544 2269 μετοί
558 2181 705 2270 μεμοίλης
719 2185 866 2262 σπουδῆς
880 2183 1093 2268 ἐνδεδυμένας
1106 2181 1279 2263 ἐπιτάξεις.

217 2301 245 2363 εὶ
266 2291 331 2386 γὰρ
353 2294 375 2375 ἡ
400 2296 515 2387 φιλίας
537 2294 756 2382 ὁμονοητικῆς
778 2297 933 2360 κοινωνία
956 2297 1013 2359 καί
1035 2318 1084 2370 τις
1098 2291 1280 2371 ἀδιοίλυτος

215 2402 386 2492 συμπλοκὴ
408 2409 469 2486 τῆς
490 2404 633 2484 ίνόσεως
655 2410 779 2490 συνέχει
793 2400 854 2484 τὴν
868 2401 1035 2492 ἱερατικὴν
1060 2403 1278 2497 ἀπεργασίαν,
1297 2423 1331 2475 18

287 2638 313 2690 5.
340 2632 377 2689 δι’
391 2632 492 2704 αὐτῶν]
511 2636 557 2690 διὰ
575 2633 625 2688 τῶν
643 2635 675 2688 0.
758 2636 782 2686 6.
808 2636 1013 2704 συναπτομένων
1032 2633 1065 2686 0.
1149 2636 1192 2686 10.
1221 2638 1279 2688 ἑπι-

286 2721 395 2775 τιίττειν
415 2721 494 2773 Act).
580 2722 673 2774 1311.
702 2721 884 2790 διαπορημίνα
902 2720 934 2771 Ο.
1028 2721 1070 2772 15.
1098 2716 1151 2790 τῇ]
1172 2739 1224 2772 cm.
1245 2720 1278 2773 0.

289 2808 331 2859 17.
359 2802 467 2876 ἀφιλίας
487 2806 542 2860 Cl).
615 2807 657 2859 18.
685 2804 798 2864 ludoicus·
815 2802 846 2856 B.

289 3016 385 3076 Potest
406 3029 434 3075 et
456 3018 507 3077 alia
530 3019 565 3077 ad
585 3021 651 3078 baec
669 3020 767 3077 adferri
789 3009 867 3077 ratio.
912 3023 941 3076 in
964 3023 1049 3079 sacris
1075 3022 1280 3100 operationibus

219 3105 346 3164 sacerdos
365 3105 499 3185 duplicem
511 3109 626 3164 sustinet
637 3127 791 3186 personam3
809 3127 861 3162 una
874 3106 983 3183 quidem
993 3107 1107 3165 bumana
1126 3119 1176 3178 est7
1194 3129 1281 3186 eaque

218 3202 309 3251 servat
326 3203 435 3250 nostrae
452 3203 562 3250 naturae
579 3193 701 3250 ordinem
719 3213 798 3271 quem
810 3212 860 3248 nos
873 3195 901 3249 in
913 3194 966 3250 boc
978 3196 1104 3251 universo
1118 3195 1280 3264 obtinemus,

219 3279 292 3358 quod
310 3289 398 3336 autem
416 3279 517 3338 divinis
535 3282 619 3358 signis
638 3281 840 3339 corroboratum
858 3289 900 3335 est
924 3290 952 3336 et
968 3300 1017 3359 per
1034 3279 1100 3338 bace
1121 3279 1281 3338 melioribus

217 3368 320 3423 naturis
339 3365 518 3434 conciliatum,
538 3387 645 3424 sursum
662 3367 750 3423 tendit
767 3376 795 3422 et
806 3364 841 3421 ad
854 3385 946 3422 corum
958 3368 1154 3425 ordinationem
1165 3366 1282 3446 pulchre

218 3453 439 3511 circumducitur:
457 3451 526 3508 illud
545 3453 653 3529 quidem
671 3455 766 3510 merito
784 3461 877 3530 potest
894 3473 1038 3531 personam
1056 3455 1166 3510 deorum
1178 3473 1280 3530 gerere.

217 3541 291 3596 iuxta
309 3540 378 3596 banc
397 3540 478 3615 igitur
496 3538 698 3597 distinctionem
716 3551 789 3596 recte
807 3539 872 3596 lacit
889 3542 1039 3599 invocando
1057 3551 1194 3617 tamquam
1204 3561 1282 3619 prae-

218 3626 363 3681 stantiores
382 3646 397 3680 a
416 3635 473 3681 toto
491 3625 591 3682 mundo
609 3629 754 3704 potentias,
773 3625 988 3705 quandoquidem
1007 3629 1054 3704 qui
1071 3629 1181 3686 invocat
1197 3627 1281 3684 bomo

219 3719 276 3777 cst3
295 3708 420 3786 idemque
438 3731 532 3769 rursus
551 3715 666 3791 imperat
683 3713 747 3783 illis,
767 3717 893 3791 quoniam
910 3717 1006 3771 merito
1025 3713 1199 3770 ineffabilium
1217 3713 1281 3771 deo·

219 3815 279 3853 rum
298 3797 495 3873 quodammodo
513 3819 658 3879 personam
675 3821 779 3858 sacram
797 3804 920 3859 sustinet.

182 3875 203 3935 3
290 3879 347 3936 Sed
369 3892 400 3937 ut
424 3884 521 3941 clarius
545 3885 631 3943 adbuc
648 3886 697 3944 bas
721 3887 899 3946 dubitationes
919 3886 1065 3957 diluamus,
1089 3885 1193 3944 auferre
1215 3887 1282 3946 binc

218 3986 332 4048 prorsus
350 3965 433 4024 velim
451 3971 579 4048 quicquid
596 3971 740 4031 humanum
752 3995 813 4031 esse
824 3975 954 4044 videatur,
972 3973 1017 4031 vel
1030 3972 1093 4030 dum
1104 3994 1198 4053 preces
1211 3975 1283 4032 fiunt

219 4058 289 4112 iuter
307 4054 487 4112 invocandum
504 4056 549 4114 vel
566 4059 630 4117 dom
647 4081 741 4139 magna
758 4061 924 4119 vehementia
949 4061 983 4119 ad
1006 4080 1088 4140 opera
1112 4061 1282 4139 expedienda

220 4145 306 4199 minae
325 4150 353 4197 et
371 4141 444 4198 iussa
463 4141 660 4221 distringantur.
707 4151 822 4218 namsi,
847 4159 938 4206 utres
961 4168 991 4205 se
1008 4148 1103 4216 babet,
1127 4151 1282 4206 communio

221 4228 348 4305 quaedam
367 4231 538 4288 consentiens
557 4240 585 4287 et
602 4232 740 4303 benevola,
758 4237 782 4292 si
802 4235 952 4314 complexio
970 4237 1081 4293 unitatis
1097 4237 1173 4321 firma
1192 4257 1207 4292 a
1225 4235 1283 4293 diis
