2776 4876
216 352 241 417 θ,
253 355 269 406 1
1220 359 1271 414 109

215 513 353 575 ἕκαστον
376 504 535 586 ἐπεξιόντι
555 506 690 593 μηνύειν
711 510 777 576 τῶν
799 507 883 575 καθ’
903 509 1031 600 ἡμέραν
1052 511 1105 580 ἀεὶ
1127 535 1270 600 συμπιπ·

214 616 348 697 τόντων,
368 621 540 705 κρείττονα
556 623 615 686 τοῦ
629 617 731 705 λόγου
745 617 807 701 τὴν
821 626 986 707 ἐνέργειαν
1006 631 1246 711 παρεχομένων.

178 745 194 795 3
309 732 422 796 Ταῦτα
437 733 498 813 μὲν
512 723 573 798 οὖν
586 729 714 819 ἐξαρκεῖ
729 733 889 819 εἰρῆσθαι
902 737 976 824 περὶ
991 737 1050 816 τῆς
1065 735 1149 803 καθ’
1163 733 1269 805 ὕπνον

213 845 314 919 θείας
341 844 514 926 μαντικῆς,
543 846 594 921 τῖς
619 849 654 909 τέ
678 846 824 909 ἐστικαὶ
853 847 921 922 πῶς
948 848 1074 930 γίνεται
1101 849 1158 913 καὶ
1187 844 1270 915 ὅσον

212 957 390 1042 παρέχεται
411 963 481 1029 τοῖς
504 950 698 1041 ἀνθρώποις
721 950 760 1021 τό
782 949 920 1045 όφελος·
942 950 1007 1048 φῂς
1029 958 1063 1023 δὲ
1086 953 1127 1038 δὴ
1143 956 1186 1035 ὡς
1200 965 1305 1026 ἐπι·4

177 1080 194 1133 6
210 1062 374 1150 βάλλουσι
395 1067 452 1130 καῖ
474 1063 516 1130 δι’
531 1068 783 1150 ἐνθουσιασμοῦ
804 1069 861 1133 καὶ
883 1069 1072 1156 θεοφορῖας
1089 1070 1207 1135 πολλοὶ
1222 1073 1268 1152 τῷ

211 1177 372 1262 μέλλοντι,
393 1173 608 1263 ἐγρηγορότες
622 1179 691 1262 μέν,
710 1174 755 1253 ὠς
768 1182 910 1262 ἐνεργεῖν
924 1177 997 1244 κατ’
1013 1177 1184 1259 αἴσθησιν,
1207 1178 1267 1247 αῦ-

210 1296 281 1366 τοῖς
303 1289 337 1354 δέ
358 1282 460 1353 πόλιν
482 1285 521 1353 οῦ
542 1289 878 1376 παρακολουθοῦντες
899 1281 922 1368 ἢ
952 1281 1024 1354 οῦτι
1052 1312 1088 1371 γε
1110 1289 1154 1367 ὡς
1183 1289 1267 1376 πρό-

177 1413 307 1487 υτερον
334 1400 668 1486 παρακολουθοῦντες
694 1403 832 1475 ἑαυτοῖς.
882 1395 1049 1485 βούλομαι
1076 1395 1118 1481 δὴ
1146 1405 1204 1469 καὶ
1232 1407 1267 1468 ἐν

210 1506 339 1586 τούτοις
365 1505 408 1575 τὰ
437 1508 595 1597 τεκμήρια
623 1512 689 1576 τῶν
712 1507 827 1596 ὀρθῶς
855 1515 1081 1597 κατεχομένων
1108 1507 1172 1578 ὑπό
1201 1517 1266 1581 τῶν

210 1622 304 1687 θεῶν
326 1618 538 1706 παραδεῖξαι·
562 1615 584 1700 ἢ
606 1615 671 1707 γὰρ
694 1613 756 1701 τὴν
770 1624 895 1686 ἐαυτῶν
908 1614 996 1701 ζωὴν
1009 1619 1266 1692 ὑποτεθεῖκασνν

159 1741 192 1793 12
210 1729 292 1812 ὅλην
313 1730 356 1808 ὡς
371 1727 482 1819 όχημα
496 1727 519 1812 ἢ
533 1731 677 1818 ὄργανον
691 1740 762 1809 τοῖς
776 1735 964 1799 ἐπιπνέουσι
979 1734 1085 1811 θεοῖς,
1108 1727 1130 1815 ἢ
1145 1737 1266 1819 μεταλ-

209 1839 384 1909 λόττουσιν
405 1841 481 1909 ἀντὶ
503 1847 562 1923 τῆς
584 1841 802 1931 ἀνθρωπίνης
823 1842 907 1923 ζωῆς
929 1838 990 1924 τὴν
1018 1845 1135 1924 θείαν,
1164 1841 1187 1926 ἢ
1209 1848 1266 1914 καὶ

209 1955 377 2040 ἐνεργοῦσι
398 1951 460 2034 τὴν
474 1957 597 2020 οἰκεῖον
611 1952 698 2034 ζωὴν
711 1949 795 2041 πρὸς
809 1948 868 2020 τόν
884 1949 985 2020 θεόν·
1009 1949 1082 2021 οὔτε
1098 1954 1170 2021 κατ’
1191 1956 1264 2022 αῖσ-

158 2080 191 2131 tt
209 2067 316 2146 θησιν
337 2069 526 2155 ἐνεργοῦσιν
548 2060 622 2132 οῦτε
644 2061 863 2153 ἐγρηγόρασιν
894 2061 997 2142 οῦτως
1025 2064 1069 2142 ὡς
1097 2070 1129 2132 οῖ
1157 2069 1265 2151 διεγη·

208 2181 369 2263 γερμένας
390 2178 518 2261 ἐγοντες
538 2171 599 2253 τὰς
621 2171 807 2255 αἰσθήσεις,
831 2169 900 2242 οὔτ’
919 2172 1153 2260 ἐπιβάλλουσιν
1168 2176 1264 2244 αὐτοὶ

206 2289 254 2372 τοῦ
275 2289 437 2371 μέλλοντι,
460 2282 534 2352 οῦτε
556 2289 724 2353 κινοῦνται
745 2284 789 2363 ὡς
811 2289 842 2351 οῖ
864 2283 948 2352 καθ’
965 2282 1072 2373 ὁρμὴν
1093 2291 1263 2374 ἐνεργοῦν-

156 2409 190 2462 18
207 2419 275 2474 τες·
297 2395 371 2465 ἀλλ’
387 2395 462 2464 οῦδὲ
476 2399 795 2484 παρακολουθοῦσιν
809 2400 938 2473 ἐαυτοῖς
953 2393 1027 2463 οῦτε
1044 2396 1088 2474 ὡς
1102 2395 1263 2486 πρότερον

278 2633 303 2686 3.
330 2627 413 2684 ῦπνου
432 2629 486 2683 AC.
560 2632 583 2683 7.
611 2643 668 2700 post
685 2634 794 2702 ἐνεργεῖν
814 2629 884 2682 ACD
904 2631 1000 2682 addunt
1017 2631 1071 2683 noi.
1144 2629 1186 2683 10.
1213 2627 1261 2696 τὰ]

278 2716 322 2770 διὰ
341 2716 374 2769 0.
460 2717 502 2768 11.
530 2711 563 2784 ἢ]
583 2718 606 2769 ελ
626 2714 679 2768 AC.
767 2718 807 2769 15.
837 2710 915 2782 οῦτι]
935 2711 1005 2768 οῦτοι
1023 2715 1056 2766 D.
1142 2715 1184 2767 18.
1211 2713 1262 2769 αῦ-

276 2810 333 2861 τοῖς
353 2803 382 2854 Α.
420 2859 423 2865 ,

206 3010 299 3077 cando,
318 3029 378 3064 cum
396 3008 518 3086 qnotidie
535 3031 566 3066 ea
584 3012 707 3067 eveniant
724 3012 752 3066 in
771 3008 823 3066 boe
840 3028 946 3085 genere,
965 3027 1032 3085 quae
1044 3028 1150 3067 omnem
1162 3029 1261 3067 sermo·

205 3117 266 3153 nem
284 3095 404 3152 mirificis
424 3097 480 3151 suis
499 3095 603 3152 effectis
622 3105 775 3172 exuperant.

275 3181 347 3238 Haec
365 3183 446 3258 igitur
464 3180 580 3238 sufficiat
598 3182 700 3238 dixisse
723 3180 757 3236 da
775 3180 939 3236 divinatione
956 3200 1006 3258 per
1023 3181 1138 3245 somnia,
1163 3179 1260 3254 quibus

204 3268 370 3324 ostendimus
388 3266 454 3343 qnid
472 3269 517 3335 sit
539 3277 567 3324 et
584 3266 816 3344 undeproveniat,
835 3266 951 3343 deniqne
963 3274 1090 3342 qnantum
1102 3263 1258 3320 mortalibus

204 3355 296 3410 afferat
314 3353 455 3409 commodi.
504 3355 544 3409 ais
563 3353 691 3429 deinceps
709 3351 808 3408 multos
833 3372 929 3409 canere
950 3350 1039 3408 futura
1061 3370 1095 3406 ex
1117 3347 1207 3404 afflatu
1231 3343 1296 3405 et4

203 3441 377 3516 inspiratione
395 3438 492 3506 divina,
512 3441 559 3515 qui
577 3438 685 3515 quidem
702 3437 770 3494 adeo
788 3436 898 3513 vigilent
910 3447 940 3494 ut
952 3440 1032 3494 etiam
1048 3435 1172 3492 sensibus
1183 3443 1259 3489 utan-

203 3535 256 3591 tur,
282 3545 333 3581 neo
351 3534 440 3579 tamen
458 3526 500 3580 sui
517 3534 657 3603 compotes
675 3533 746 3592 sunt,
764 3533 810 3580 aut
827 3522 922 3580 saltam
940 3543 994 3579 non
1012 3522 1079 3579 adeo
1096 3530 1127 3576 ut
1144 3529 1205 3576 ante
1223 3517 1259 3575 af·

202 3609 302 3665 flatum.
350 3606 415 3663 volo
433 3609 514 3684 igitur
530 3619 604 3666 certa
622 3609 723 3667 indicia
743 3609 941 3676 demonstrare,
965 3627 998 3664 ex
1017 3608 1114 3683 quibus
1137 3605 1258 3682 dignosci

202 3695 303 3773 possit,
332 3693 378 3767 qui
402 3711 496 3749 revera
518 3714 533 3749 a
556 3694 608 3750 diis
631 3693 796 3751 obsidentur.
844 3693 974 3752 divinitus
1001 3691 1083 3747 afflati
1107 3695 1258 3768 qnieumue

202 3788 273 3846 sunt,
293 3787 339 3833 aut
356 3797 432 3833 snam
449 3779 533 3834 vitam
549 3782 657 3856 penitus
675 3780 821 3837 subiiciunt
838 3777 990 3834 afflantibus
1003 3776 1055 3832 diis
1068 3786 1202 3852 tamquam
1214 3797 1258 3834 ve·

201 3863 320 3922 bicnlum
339 3873 383 3918 aut
401 3883 537 3940 organum,
555 3874 601 3920 aut
617 3867 700 3921 vitam
716 3866 854 3941 propriam
872 3865 900 3918 in
918 3861 1035 3918 divinam
1053 3872 1256 3930 commutarem,

202 3950 246 4008 vel
263 3951 379 4027 denique
397 3951 480 4006 vitam
496 3951 634 4027 propriam
652 3949 685 4004 ad
704 3949 748 4006 dei
760 3959 854 4004 nutum
865 3947 1079 4005 accommodant:
1098 3968 1186 4024 neque
1198 3967 1256 4004 sen·

201 4057 278 4093 suum
295 4046 405 4092 utuntur
423 4034 513 4092 officio
538 4054 625 4110 neque
642 4036 679 4090 ita
704 4031 815 4110 vigilant
831 4043 862 4090 ut
880 4036 926 4110 qui
944 4054 1040 4090 sensus
1063 4032 1162 4090 babent
1179 4052 1258 4109 expe·

201 4122 282 4190 ditos,
301 4142 388 4197 neqrro
405 4123 459 4199 ipsi
478 4121 586 4198 quidem
604 4119 691 4176 futura
709 4118 920 4197 apprehendunt,
944 4140 1031 4196 neque
1049 4119 1162 4177 humano
1181 4136 1256 4173 more

201 4215 358 4283 operantum
380 4205 430 4263 sed
448 4225 534 4283 neque
553 4209 596 4263 sui
613 4216 751 4284 compotes
770 4215 833 4262 sunt
849 4217 880 4263 ut
898 4216 972 4263 erant
990 4225 1089 4282 nuper,
1113 4202 1161 4258 sed
1180 4201 1254 4260 nullo
