2776 4876
206 366 275 431 1,11
291 366 324 419 12
1221 371 1272 428 19⁵

293 520 438 608 Ἐρωτᾷς
466 518 508 602 δὴ
537 525 592 587 καὶ
620 519 691 606 ἅμα
718 521 853 610 ἀπορεῖς
879 521 963 608 μετα
999 530 1111 606 τοῦτο,
1146 528 1189 606 ὡς
1219 525 1266 614 μὴ
1288 539 1324 597 11

208 634 354 721 καθαρῷ
374 636 435 717 μὲν
457 628 528 699 ὄντι
551 633 585 714 ἐξ
600 633 805 723 ἀφροδισίων
821 634 880 702 οὐκ
894 631 938 701 ἂν
951 639 1107 704 καλοῦντι
1121 637 1268 707 ὑπακού-

173 758 189 808 3
210 767 311 823 σαιεν,
339 742 434 811 αὐτοὶ
457 747 492 810 δὲ
514 740 605 829 ολγυιν
636 752 680 824 τίς
701 743 882 834 παράνομα
905 748 1089 838 ἀφροδίσια
1113 746 1189 828 τούς
1213 776 1267 819 τυ·

204 853 328 942 χόντας
351 854 409 922 οὐκ
432 856 576 924 ὀκνοῦσι.
619 852 663 923 τοὶ
692 860 727 924 δὲ
755 862 819 945 ἔχει
846 863 907 943 μὲν
937 863 994 927 καὶ
1023 857 1092 927 ἀπὸ
1121 865 1188 928 τῶν
1210 865 1267 946 ἔμ-

208 969 361 1052 προσθεν
384 973 561 1054 εἰρημένων
583 973 679 1059 σαφῆ
701 966 761 1052 τὴν
782 970 885 1038 λύσιν.
933 977 959 1038 at
982 976 1048 1038 τῶν
1069 977 1130 1058 μὲν
1155 965 1267 1058 νόμων

174 1075 313 1158 tiator,
342 1077 413 1144 κατ’
437 1075 543 1161 ἄλλην
572 1082 606 1146 δὲ
636 1084 808 1169 κρείττονα
836 1084 902 1148 τῶν
929 1080 1042 1167 νόμων
1070 1088 1182 1150 αλτίαν
1210 1087 1267 1152 καὶ

209 1186 302 1270 τάξιν
324 1193 430 1256 ταῦτα
452 1193 585 1274 γίνεται,
608 1187 629 1274 ἢ
653 1199 680 1258 at
702 1191 786 1258 καθ’
806 1192 974 1280 ἁρμονίαν
995 1198 1056 1278 μὲν
1077 1199 1134 1262 καὶ
1149 1199 1266 1287 φιλίαν

210 1307 244 1368 ἐν
267 1303 313 1385 τῷ
335 1299 466 1387 κόσμῳ,
494 1298 579 1367 κατὰ
609 1304 643 1369 δέ
666 1327 741 1368 τινα
763 1303 955 1389 ἀσυμπαθῆ
984 1307 1102 1394 κρᾶσιν
1125 1309 1267 1374 ἐπὶτῶν

175 1414 316 1497 tarpeia
336 1408 380 1476 τοὶ
401 1414 543 1478 ταιαῦτα
567 1416 749 1498 συμβαίνει,
777 1411 799 1495 ἢ
821 1421 849 1482 ελ
870 1419 978 1494 καλῶς
1005 1418 1185 1502 διδομένων
1207 1441 1266 1504 με·

207 1528 427 1614 ταστρέφεται
449 1522 470 1604 ἡ
493 1521 585 1602 δόσις
605 1528 672 1591 τῶν
699 1529 809 1592 καλῶν
836 1521 900 1593 ὑπὸ
929 1531 995 1594 τῶν
1024 1527 1265 1612 λαμβανόντων

209 1637 262 1700 ἐπὶ
283 1633 454 1701 τάναντία.

208 1858 273 1922 τῶν
294 1853 427 1935 τούτων,
449 1855 538 1936 ὅπως
560 1883 593 1924 re
615 1863 765 1944 γίνονται
787 1864 843 1927 καὶ
859 1857 972 1928 ὅντινα
988 1864 1052 1947 ἔχοι
1067 1858 1177 1946 λόγον.
1215 1864 1265 1928 δεῖ

208 1966 250 2047 δὴ
272 1977 361 2033 νοεῖν
382 1967 425 2046 ὡς
446 1971 483 2035 ἓν
505 1967 588 2050 ζῶόν
611 1976 680 2037 ἐστι
702 1966 740 2038 τδ
763 1975 840 2037 πᾶν.
887 1968 929 2037 τοὶ
952 1971 981 2038 δ’
1002 1978 1038 2038 ὲν
1060 1970 1152 2056 αὐτῷ
1180 1977 1263 2059 μέρη

157 2093 189 2142 15
208 2081 354 2159 διέστηκε
376 2083 436 2164 μὲν
458 2085 528 2158 τοῖς
549 2079 677 2161 τόποις,
699 2084 739 2175 τῇ
761 2084 795 2148 δὲ
817 2086 880 2167 μιᾷ
903 2081 1001 2172 φύσει
1024 2081 1155 2151 σπεύδει
1180 2081 1264 2172 πρὸς

208 2185 344 2271 ἄλληλα.
389 2187 429 2258 τὰ
450 2194 485 2258 δὲ
509 2191 702 2278 συναγωγὸν
724 2189 804 2258 ὅλον
826 2196 883 2259 καὶ
905 2191 943 2259 τὸ
970 2196 1029 2273 τῆς
1058 2190 1264 2280 συγκράσεως

207 2301 314 2368 αίτιον
336 2305 417 2369 ἕλκω
439 2307 499 2387 μὲν
520 2307 575 2369 καί
599 2303 775 2394 αὐτοφυῶς
797 2298 838 2368 roi
867 2309 950 2392 μέρη
973 2301 1056 2391 πρὸς
1077 2299 1139 2383 τὴν
1161 2302 1264 2384 ἀλλή-

276 2466 301 2517 4.
329 2461 383 2530 τὰ]
401 2465 433 2517 τὸ
455 2464 532 2516 ΑΕΒ.
641 2466 703 2517 4.5.
729 2462 898 2535 ἔμπροσθεν]
917 2463 951 2517 sic
970 2465 1027 2528 CD,
1055 2468 1209 2536 ἔκπροσθεν
1229 2465 1263 2518 0.

277 2553 302 2604 5.
329 2549 415 2603 εἰτῶν
426 2549 585 2622 μλννόμιικ]
605 2550 734 2613 sieten,
761 2554 785 2604 ri
801 2549 891 2621 νόμων
907 2556 953 2622 μὲν
972 2552 1006 2605 0.
1079 2553 1104 2603 7.
1132 2547 1264 2622 καθ’ἆρ-

276 2633 388 2704 μανίαν]
407 2639 563 2708 καθαρσίων
580 2635 612 2687 Β.
693 2637 718 2688 8.
746 2632 920 2706 ἅσνμπαθῆ]
939 2636 973 2688 sic
992 2635 1046 2699 Ac,
1073 2637 1209 2704 συμπαθῆ
1229 2637 1262 2689 Ο.

288 2717 300 2790 ΙΙ
320 2719 431 2794 κρᾶσιν]
458 2721 493 2773 sie
514 2721 597 2786 ACD,
625 2720 732 2794 κροῦσιν
756 2723 790 2776 0.
934 2723 975 2776 10.
1004 2719 1058 2776 ὑπὸ
1081 2719 1132 2774 τῶν
1159 2740 1211 2775 om.
1230 2723 1264 2776 A.

277 2811 320 2862 12.
348 2803 402 2872 δεῖ]
421 2809 523 2861 δεῖκαὶ
542 2808 621 2861 ACD.
732 2811 773 2863 15.
802 2805 902 2876 σπεὺδη
920 2808 954 2861 D.

274 2943 425 3021 interrogas
444 2965 525 3023 porro
545 2945 677 3003 dubitanti
695 2945 805 3013 similis,
829 2944 963 3022 quomodo
987 2946 1018 3002 fit
1042 2955 1071 3002 at
1089 2946 1127 3002 dii
1145 2965 1200 3001 non
1219 2965 1262 3002 au·
1281 2940 1318 2998 ll

205 3029 322 3087 scaltent
338 3032 474 3088 invocanti
493 3034 517 3088 si
536 3054 568 3090 ex
585 3033 667 3089 rebus
684 3034 807 3089 venereis
825 3033 946 3109 impurus
965 3033 1010 3098 sit,
1029 3032 1082 3107 ipsi
1101 3032 1209 3087 iuterim
1227 3030 1263 3087 ad

205 3115 315 3173 illicitos
343 3137 503 3192 congressus
530 3139 705 3195 quoscunque
727 3117 850 3174 homines
872 3115 1012 3194 impellere
1033 3136 1087 3171 non
1111 3124 1261 3192 graventur.

204 3202 286 3260 habes
306 3224 339 3259 ex
357 3205 433 3281 prius
453 3205 532 3261 dictis
550 3204 622 3261 unde
640 3203 704 3261 hace
727 3204 805 3261 facile
828 3202 932 3268 κοίταις
956 3205 980 3258 si
1003 3201 1070 3256 fiant
1093 3202 1145 3256 ista
1169 3210 1261 3257 contre

203 3290 276 3366 leges
295 3289 431 3359 humanas,
449 3292 518 3347 liunt
536 3301 625 3347 tamen
643 3292 716 3346 iuxta
735 3289 817 3346 aliam*
831 3308 938 3346 eausam
956 3296 984 3342 et
1002 3285 1123 3341 ordinem
1137 3287 1261 3343 omnibus

203 3376 307 3453 legibus
325 3379 499 3455 superiorem.
550 3386 578 3432 et
595 3376 660 3433 licet
675 3377 743 3432 {iant
760 3377 789 3430 in
807 3375 906 3431 mundo
925 3371 959 3428 ad
976 3372 1141 3428 harmoniam
1160 3381 1187 3427 et
1198 3373 1262 3426 ami·

204 3464 306 3531 citiam,
332 3465 360 3518 in
384 3463 505 3540 partibus
531 3473 619 3518 tamen
643 3460 824 3538 irregularitas
848 3459 969 3517 accidere
991 3459 1094 3537 possit,
1119 3465 1261 3534 propterea

202 3549 276 3624 quod
293 3547 343 3602 hae
361 3548 396 3603 ob
415 3547 628 3625 complexionem
646 3568 720 3603 suam
738 3546 817 3604 l‘aeile
834 3547 945 3602 nimium
962 3554 1019 3602 tum
1037 3552 1129 3599 mutuo
1141 3551 1197 3598 tum
1210 3543 1261 3598 toti

202 3634 407 3711 compatiantur:
434 3632 484 3689 sed
507 3643 535 3689 et
556 3631 608 3690 hoe
626 3633 707 3689 modo
730 3631 836 3689 solvere
857 3632 961 3709 possis,
986 3633 1010 3685 si
1033 3627 1164 3685 concedas
1188 3627 1261 3706 quod

202 3740 270 3796 qaae
287 3740 302 3773 a
321 3721 427 3796 superis
446 3717 587 3775 deseendit
602 3718 668 3775 boni
687 3719 899 3782 communicatio,
919 3738 933 3770 a
952 3715 1143 3794 recipientibus
1156 3717 1184 3771 in
1196 3735 1261 3772 con·

202 3807 313 3861 trarium
331 3813 505 3881 pervertatur.

274 3891 347 3965 Quin
378 3890 412 3945 de
439 3888 481 3945 his
506 3892 575 3967 ipsis
599 3888 755 3966 singillatim
780 3888 954 3966 dispiciamus
981 3888 1116 3964 quomodo
1138 3889 1205 3944 fiant
1233 3897 1260 3942 et
1279 3889 1317 3948 12

202 3999 279 4053 quam
297 3975 412 4032 habeant
430 3977 568 4032 rationem.
613 3973 824 4031 animadvertere
842 3983 949 4050 oportet
967 3974 1040 4052 quod
1052 3974 1166 4031 mundus
1179 3993 1260 4029 unum

201 4063 298 4120 animal
317 4073 373 4127 est;
398 4073 488 4139 partes
508 4064 565 4118 eius
583 4062 648 4118 lieet
665 4059 727 4116 loco
746 4081 760 4116 a
780 4061 941 4125 seinvicem
960 4059 1191 4126 disterminantur,
1215 4081 1260 4114 na·

200 4149 279 4206 turali
298 4159 386 4205 tamen
404 4169 538 4205 consensu
557 4147 591 4204 ad
610 4167 639 4204 se
658 4157 749 4202 mutuo
768 4147 930 4224 conspirant.
979 4157 1059 4222 atque
1071 4148 1113 4202 vis
1126 4147 1185 4221 ipsa
1198 4163 1260 4199 con-

200 4234 316 4292 ciliatrix
335 4246 363 4291 et
381 4256 459 4291 causa
479 4236 629 4292 communis
647 4235 764 4289 omnium
783 4234 917 4288 mistionis
936 4232 1018 4288 tralrit
1042 4231 1151 4307 quidem
1167 4240 1259 4307 partes

1054 4336 1107 4391 1³*
