2776 4876
123 360 194 423 &22
1127 363 1179 417 153

123 514 280 599 μεριστῆς
302 515 412 603 ψυχῆς
434 518 469 577 ἐν
498 509 627 598 σώματι
653 519 871 599 κατεχομένης
899 512 1105 599 ἐνεργήματα
1134 522 1179 594 είς

124 624 243 690 ουσίαν
264 625 518 704 καθίστασθαι,
546 628 601 691 καὶ
625 627 729 690 ταῦτα
756 622 904 713 χωριστά
932 621 1015 691 εἶναι
1037 625 1096 705 ἔξω
1118 628 1178 708 τῆς

89 751 104 801 3
124 736 233 823 ψυχῆς
255 733 339 800 καθ’
359 731 477 817 ἑαυτάς
501 731 523 815 ἢ
545 739 613 812 πῶς
636 741 670 800 αι’
693 738 766 822 περὶ
789 744 858 813 τοῖς
882 734 1012 821 σώμασι
1026 734 1179 824 δυνάμεις

124 845 327 936 ἀφίστανται
349 848 414 912 τῶν
438 842 599 931 στομάτων
620 850 728 913 καίτοι
750 852 785 914 ίν
807 859 877 924 τοῖς
891 844 1021 932 σώμασι
1042 844 1079 914 τό
1096 847 1180 915 εἶναι

124 959 271 1043 ίχουσαα
293 961 343 1032 τίς
365 958 400 1022 δὲ
422 953 464 1036 δή
486 962 575 1022 ἐστιν
598 955 616 1022 ὁ
640 955 794 1024 ἀπολύων
817 955 921 1036 αάτάς
944 954 1010 1024 ἀπὸ
1033 962 1092 1039 τῆς
1113 975 1177 1025 ’σω-

90 1071 265 1153 υματι-κῆς
300 1065 500 1147 συστάσεως,
534 1071 590 1133 καὶ
623 1067 813 1153 σωματικὴν
846 1067 995 1137 διάλυσιν
1029 1068 1179 1156 συνάγων

124 1175 226 1245 πάλιν
248 1185 293 1257 είς
314 1182 396 1265 μίαν
419 1176 577 1263 σόυοδους
609 1183 700 1247 ἔσται
721 1175 786 1268 γάρ
810 1179 895 1247 οὕτω
917 1179 1137 1269 προόπάρχων
1159 1179 1178 1247 ὁ

126 1291 276 1367 τοιοῦτος
298 1292 426 1377 δαίμων
448 1286 513 1378 πρό
536 1293 596 1357 τοῦ
617 1288 815 1371 ὑποστῆναι·
840 1295 903 1378 ἐ’χει
918 1295 952 1359 δὲ
967 1296 1021 1358 καὶ
1036 1291 1096 1369 τάς
1110 1317 1178 1359 κοι-

90 1414 106 1467 t
125 1397 186 1478 νάς
209 1398 353 1488 ἀπορίας
368 1400 386 1467 ὁ
403 1398 517 1486 λόγος·
542 1405 610 1478 πῶς
631 1397 695 1489 γάρ
720 1398 841 1482 δήποτε
865 1399 932 1470 ἀπό
947 1406 1012 1470 των
1026 1397 1072 1488 μὴ
1088 1399 1179 1491 ἑχόν-

125 1534 191 1578 των
213 1508 375 1597 μαντικὴν
396 1509 537 1596 μαντικὴ
561 1509 687 1600 φύεται,
716 1517 772 1579 καὶ
795 1509 861 1579 ἀπό
884 1519 949 1580 τῶν
969 1510 1015 1599 μὴ
1039 1511 1180 1601 ἐχόντων

124 1618 236 1711 ψυχὴν
265 1620 426 1709 σωμάτων
455 1619 546 1714 φυχὴ
576 1621 817 1708 ἀπογεννάται,·
846 1618 868 1704 ἢ
895 1621 933 1691 τὸ
964 1621 1044 1691 ὅλον
1073 1622 1181 1714 φάναι

72 1747 107 1797 12
125 1737 193 1812 πῶς
216 1728 282 1800 ἀπό
306 1736 372 1800 τῶν
394 1733 613 1823 ἀτελεστέρων
636 1732 817 1823 τελειότερα
846 1732 1047 1820 παράγεται;
1077 1738 1134 1801 καὶ
1161 1734 1179 1802 ὁ

125 1842 248 1931 τρόπος
277 1847 312 1911 δὲ
342 1847 401 1926 τῆς
429 1847 629 1929 παραγωγῆς
658 1848 816 1936 φαίνεταί
842 1871 898 1930 μοι
929 1844 1107 1927 ἀδύνατος·
1142 1843 1180 1914 τό

126 1952 190 2042 γάρ
213 1951 268 2022 διά
289 1953 478 2041 κινημάτων
507 1958 566 2034 τῆς
587 1958 695 2043 ψυχῆς
717 1960 773 2022 καὶ
796 1953 851 2023 daal
874 1960 938 2024 τῶν
961 1965 1087 2036 ἐντοῖς
1117 1957 1180 2026 σιό-

73 2086 107 2136 15
126 2089 208 2153 μασι
231 2064 402 2151 δυνάμεων
423 2064 640 2155 παράγεσθαι
663 2065 789 2147 οὐσίαν,
812 2067 986 2135 ἀδύνατον.
1027 2065 1093 2135 ἀπὸ
1116 2066 1180 2156 γάρ

126 2180 192 2243 τῶν
214 2173 259 2262 μὴ
288 2173 429 2262 ἐχόντων
458 2176 577 2243 οάσίαν
600 2176 697 2244 οὐσία
720 2177 779 2264 οὐχ
809 2184 865 2245 οία
888 2184 922 2243 τί
944 2185 1033 2247 ἐστιν
1061 2179 1180 2248 ἀποτε-

127 2292 272 2355 λεῖσθαι.

74 2416 108 2466 18
216 2396 340 2467 Πόθεν
363 2402 398 2467 δὲ
424 2403 477 2466 καὶ
511 2396 718 2487 φανταστικὴ
748 2403 806 2465 τοῦ
835 2403 1012 2484 μέλλοντος
1041 2404 1179 2485 γίνεται;

127 2507 219 2598 παρά
247 2514 337 2589 τίνος
365 2513 518 2597 λαβοῦσα
547 2504 585 2575 τὸ
614 2508 791 2596 μαντικόυς
825 2509 953 2597 ὁρῶμεν
981 2506 1046 2601 γάρ
1075 2510 1181 2593 δήπου

198 2691 222 2740 6.
249 2686 418 2759 σωματικὴν]
437 2686 539 2754 σάματι
557 2687 606 2754 τὴν
625 2687 680 2740 CD.
806 2689 830 2740 8.
860 2687 1026 2756 ὑποστῆναι]
1046 2688 1082 2740 aio
1102 2688 1180 2753 ACD,

197 2773 352 2844 ὑποστῆσαι
370 2774 404 2826 0.
513 2775 554 2826 12.
582 2769 649 2839 τῶν]
668 2773 717 2826 τοῦ
734 2775 767 2826 Ι).
842 2775 884 2827 16.
913 2771 1011 2828 οὗσίαα
1029 2794 1081 2828 om.
1100 2775 1132 2827 0.

126 2955 193 3013 pore
211 2935 354 2992 conclusae
372 2936 491 2992 actiones
515 2937 542 2991 in
561 2936 735 2991 substantiam
758 2935 919 3012 procedere,
943 2947 1022 3012 atque
1044 2936 1111 2992 adeo
1133 2957 1183 3014 per

128 3043 158 3078 se
177 3032 251 3079 extra
270 3024 383 3077 animam
402 3041 463 3078 esse
480 3022 635 3098 separatae?
663 3033 689 3077 et
707 3021 841 3097 quomodo
864 3024 937 3078 vires
962 3044 975 3078 a
999 3043 1113 3101 corpore
1137 3023 1181 3080 de·

127 3107 275 3183 pendentes
294 3127 424 3183 suumque
443 3127 504 3164 esse
525 3107 559 3162 ab
581 3127 613 3162 eo
636 3117 786 3164 mutuantes
810 3110 876 3163 citra
899 3127 997 3191 corpus
1016 3109 1182 3164 consistent?

129 3194 226 3250 deinde
245 3195 305 3268 quis
325 3204 367 3249 est
386 3195 432 3270 qui
449 3196 519 3249 vires
538 3192 687 3249 materiales
706 3192 788 3249 solvit
801 3215 815 3248 a
828 3212 958 3270 corporea
973 3211 1107 3269 compage,
1126 3214 1182 3249 rur·

129 3299 242 3354 sumque
261 3281 289 3334 in
307 3299 388 3335 unum
407 3289 548 3356 congregat
566 3300 633 3356 quae
651 3279 817 3356 decerpere
836 3276 1024 3333 solvebantur?
1054 3297 1118 3333 sane
1135 3300 1183 3356 po·

128 3376 211 3421 testas
231 3369 267 3422 sit
291 3375 399 3444 oportet
422 3365 588 3431 daemonica,
612 3375 691 3440 atque
714 3367 750 3421 ita
772 3361 925 3420 istiusmodi
947 3361 1060 3417 daemon
1082 3364 1184 3421 extabit

128 3455 285 3529 priusquam
302 3461 450 3529 generetur.
496 3450 546 3508 sed
563 3450 643 3506 habet
660 3461 796 3529 praeterea
816 3467 969 3507 communes
988 3447 1115 3522 quasdam
1134 3450 1184 3508 dit-

128 3536 262 3594 ficultates
282 3537 348 3593 baec
366 3539 466 3614 opinio.
512 3539 558 3613 qui
577 3538 647 3592 enim
665 3539 750 3593 exiis
769 3557 836 3612 qnae
854 3535 1008 3590 vaticinium
1019 3554 1073 3590 non
1085 3534 1183 3593 habent

128 3624 249 3677 nascitur
260 3624 431 3678 vaticinium?
458 3625 504 3697 qui
516 3643 549 3678 ex
561 3623 719 3700 corporibus
733 3643 788 3679 non
800 3621 960 3677 habentibus
973 3621 1084 3677 animam
1097 3625 1183 3680 anima

128 3708 338 3786 progeneratnr?
369 3717 396 3762 et
413 3717 443 3762 ut
460 3728 513 3763 uno
531 3708 613 3764 verbo
633 3709 728 3776 dicam,
747 3707 881 3784 quomodo
898 3705 931 3761 ab
943 3706 1183 3783 imperfectioribus

129 3793 290 3872 perfectiora
308 3792 508 3870 producuntur?
537 3795 586 3851 sed
604 3805 632 3851 et
649 3797 709 3872 ipse
721 3791 874 3850 istiusmodi
886 3791 1071 3870 productionis
1088 3797 1182 3853 modus

130 3879 197 3935 mibi
215 3878 322 3935 videtur
341 3877 550 3956 inexplicabilis3
569 3890 610 3936 est
629 3882 701 3935 enim
718 3877 885 3955 impossibile
902 3880 1052 3956 producere
1063 3883 1184 3938 substan-

130 3968 196 4021 tiam
213 3986 263 4042 per
281 3967 413 4021 motiones
433 3966 534 4021 animae
551 3985 654 4042 perque
676 3967 747 4021 vires
766 3966 924 4043 corporibus
946 3965 1128 4036 inhaerentem
1151 3988 1184 4024 ex

130 4053 164 4107 iis
184 4054 255 4108 enim
274 4072 341 4127 qnae
359 4071 413 4106 non
432 4049 530 4106 babent
547 4052 641 4127 nequit
659 4050 805 4108 substantia
822 4052 942 4130 produci.

201 4135 287 4192 Porro
306 4137 378 4194 unde
396 4135 544 4193 futurorum
562 4139 713 4213 imaginatio
737 4138 799 4194 liet?
830 4160 843 4194 a
864 4159 916 4214 quo
941 4140 1056 4196 desumit
1074 4140 1128 4193 vim
1146 4137 1185 4194 di·

132 4225 310 4279 vinetoriam?
346 4223 468 4280 videmus
487 4226 557 4281 enim
580 4222 648 4280 nihil
666 4244 757 4281 eorum
776 4245 842 4300 quae
860 4247 909 4301 per
930 4225 1126 4301 generationem
1143 4245 1184 4279 se·
