2776 4876
193 341 245 398 198
1181 332 1254 396 113

193 503 274 586 ἐργα
294 493 337 564 τοί
359 498 424 562 τῶν
447 490 577 584 φύσεων
599 489 807 581 ἐνεργήματα
830 495 1056 587 μεταφέροιεν.
1095 483 1160 569 ἤδη
1184 492 1256 554 τοί-

192 633 252 678 νυν
274 602 552 692 συνωμολόγηται,
575 611 609 671 ἐν
632 607 672 693 τῇ
693 608 815 688 γενέσει
833 606 978 688 καὶπερὶ
993 595 1035 666 τό
1054 596 1256 688 ἀνθρώπεια

192 716 373 807 πράγματα
395 721 452 784 καὶ
474 713 539 784 ὅσα
563 719 654 784 ἐστὶν
676 722 711 782 ἐν
734 724 804 791 τοῖς
833 715 907 800 περὶ
936 715 999 796 γῆν
1028 709 1066 778 τὸ
1096 715 1162 777 τῶν
1191 735 1255 776 πο-
1276 720 1292 770 3

192 832 303 917 νηρῶν
326 826 494 915 δαιμόνων
517 830 625 914 φῦλον
647 829 748 893 πλέον
778 831 962 913 ἐπικρατεῖν
991 818 1175 890 δύνασθαι.
1222 825 1255 886 τί

195 933 255 1008 οὖν
277 943 324 1006 ἐτι
346 935 559 1024 θαυμαστόν,
582 946 608 1005 εί
631 941 687 1004 καὶ
710 930 751 1004 τό
774 937 915 1003 τοιαῦτα
937 937 1018 1021 ἔργα
1040 929 1079 998 τό
1102 935 1256 1000 τοιοῦτον

194 1052 347 1132 ἐπιτελεῖς
371 1046 531 1137 οὐδὲγὰρ
554 1051 622 1127 πᾶς
644 1045 730 1136 ἀνὴρ
754 1049 919 1128 διακρῖναι
942 1048 1114 1126 δυνηθείη,
1144 1041 1253 1110 τίποτ’
1277 1055 1293 1106 6

194 1167 263 1231 ἐστὶ
285 1158 324 1228 τό
347 1164 530 1229 σπουδαῖον
554 1159 656 1227 αὐτοῦ
677 1162 734 1225 καὶ
757 1161 896 1248 φαῦλον,
919 1149 942 1237 ἢ
962 1159 1029 1222 τίσι
1050 1158 1258 1241 γνωρίσμασι

194 1275 397 1362 διακρίνεται
419 1271 589 1361 ἑκάτερον·
620 1267 639 1338 ὃ
669 1264 710 1351 δη
738 1264 785 1355 μὴ
816 1267 882 1335 οἷοί
910 1291 945 1334 τε
975 1265 1066 1344 ὄντες
1094 1268 1257 1351 καθορᾷν

195 1381 328 1462 ἀτόπως
350 1385 600 1468 συλλογίζονται
621 1384 695 1469 περὶ
718 1377 844 1446 τούτων
866 1375 928 1460 τὴν
950 1381 1009 1460 τῆς
1031 1383 1140 1454 αἰτίας
1159 1372 1257 1457 ζήτη-
1278 1382 1295 1433 9

197 1517 264 1573 σιν,
293 1497 349 1560 καὶ
373 1492 595 1578 ἐπανάγουσιν
618 1489 722 1573 αὐτὴν
751 1495 804 1557 ἐπὶ
826 1487 868 1556 τὰ
891 1495 1061 1579 κρείττονα
1091 1494 1169 1573 γένη
1199 1489 1259 1569 τῆς

196 1602 324 1696 φύσεώς
347 1609 458 1671 τεκαὶ
481 1609 540 1685 τῆς
563 1607 740 1689 δαιμονίας
761 1600 898 1682 τάξεως·
923 1608 950 1669 εί
972 1603 1008 1667 δέ
1029 1604 1085 1667 καὶ
1107 1603 1167 1681 τῆς
1192 1616 1258 1691 ψυ-

193 1717 257 1801 χῆς
279 1718 338 1795 τῆς
359 1719 493 1804 μερικῆς
516 1722 568 1784 ἐπὶ
590 1715 716 1782 τούτων
739 1711 1086 1797 συνεπιλαμβάνονταί
1100 1735 1185 1789 τινες
1201 1713 1258 1776 δυ·
1279 1720 1312 1772 12

197 1823 312 1911 νόμεις
338 1833 383 1904 είς
411 1825 634 1915 ἀπεργασίαν,
663 1828 723 1906 τῆς
752 1849 785 1891 τε
815 1833 850 1891 ἐν
873 1822 1002 1908 σώματι
1029 1827 1259 1909 κατεχομένης,

197 1938 254 2002 καὶ
277 1933 341 2018 ὅση
363 1933 402 2003 τό
425 1941 485 2022 μὲν
508 1937 685 2028 όστρεῶδες
707 1941 762 2002 καί
785 1933 899 2020 γήινον
923 1938 1017 2020 σῶμα
1040 1934 1179 2025 ἀφῆκεν,
1203 1938 1258 1999 ἐπὶ

198 2048 233 2114 δέ
260 2045 446 2132 πνεύματος
475 2052 625 2139 θολεροῦ
650 2056 707 2115 καὶ
736 2045 870 2136 διόγρου
898 2049 1139 2136 περιπλανᾶται
1167 2043 1258 2111 κσίτω
1279 2059 1312 2110 15

197 2161 273 2247 περὶ
295 2153 373 2237 τοός
394 2162 453 2241 τῆς
475 2166 629 2246 γενέσεως
650 2157 780 2240 τόπους,
802 2163 860 2228 καὶ
883 2155 967 2241 αὑτὴ
990 2153 1126 2238 ἀληθὴς
1139 2160 1200 2243 μὲν
1214 2153 1259 2222 ἂν

199 2268 248 2351 είη
271 2268 292 2350 ἡ
319 2269 411 2352 δόξα,
434 2269 635 2362 πορρωτοίτω
659 2273 693 2337 δὲ
716 2275 775 2352 τῆς
797 2275 862 2337 τῶν
877 2269 1070 2359 κρειττόνων
1085 2273 1194 2345 αἰτίας
1209 2271 1259 2334 δι-

270 2552 294 2603 1.
323 2549 579 2619 τὰτῶνῙιίοΑΟΙ),
597 2548 647 2604 τῶν
661 2552 694 2605 0.
767 2554 791 2604 2.
819 2545 966 2621 ἅνθριίπια
977 2549 1011 2602 D.
1085 2551 1109 2600 7.
1138 2545 1206 2602 αὐτὸ
1226 2550 1259 2603 0.

269 2638 295 2691 8.
324 2631 419 2691 οἷοίτε
432 2635 522 2705 ὄντες]
541 2637 576 2690 sic
593 2637 627 2700 1).
655 2632 753 2692 οἷόντε
767 2633 841 2696 ὄντες
861 2638 891 2698 Α,
919 2629 976 2688 οἷον
988 2655 1017 2689 τε
1037 2635 1091 2700 BC,
1110 2630 1205 2689 οἷοίτε
1226 2637 1259 2689 0.

270 2724 312 2775 12.
341 2721 628 2795 συνεπιλαμβάνονται]
641 2722 677 2776 oio
689 2723 769 2787 Aen,
781 2717 1012 2792 συλλαμβάνονται
1024 2722 1058 2775 0.
1133 2725 1173 2776 13.
1192 2744 1260 2775 κατ-

270 2811 403 2878 εχσμίνοις
416 2812 461 2862 καὶ
473 2807 535 2862 ὅσοι
553 2809 582 2862 C.
656 2810 698 2862 16.
725 2805 813 2876 αὕτη]
831 2808 916 2878 potino
935 2805 1010 2877 αὕτη.
1086 2811 1125 2862 17.
1153 2807 1258 2879 ἡδόξα]

272 2893 307 2945 εἰσ
328 2893 380 2957 Ac,
409 2892 473 2954 δόξα
491 2894 524 2947 0,

200 3177 246 3215 rte
264 3156 298 3213 od
316 3157 472 3233 superiores
491 3177 585 3214 causas
604 3157 727 3214 referent
773 3161 826 3214 inm
844 3167 932 3214 autem
950 3159 978 3213 in
996 3155 1120 3214 confesso
1132 3157 1262 3234 estquod

200 3242 332 3299 mulorum
350 3241 509 3298 doemonum
527 3263 592 3320 gens
610 3243 755 3322 plurimum
778 3246 868 3322 possit
889 3246 918 3299 in
935 3245 1106 3320 generatione
1127 3243 1263 3319 rebusque

198 3329 321 3387 humenis
339 3337 367 3384 et
384 3327 535 3385 mundanis.
584 3349 638 3385 non
662 3350 725 3404 ergo
750 3330 900 3386 mirandum
923 3339 966 3385 est
983 3331 1008 3385 εἰ
1032 3329 1173 3385 daemones
1192 3328 1264 3385 haee

199 3425 227 3473 et
244 3414 343 3472 simili·
361 3423 482 3492 putrent:
504 3426 577 3472 certe
596 3435 651 3471 nou
670 3426 712 3471 est
730 3419 848 3472 cuiusvis
867 3415 984 3471 hominio
1003 3415 1106 3484 dicere,
1129 3416 1175 3490 qui
1193 3415 1263 3471 boui

199 3511 227 3557 et
244 3503 353 3577 quinam
373 3501 489 3578 improbi
508 3512 579 3569 sunt,
603 3512 649 3557 aut
667 3502 764 3577 quibus
782 3502 891 3558 indiciis
909 3502 943 3558 ab
962 3503 1078 3558 invicem
1099 3521 1264 3580 pernoscen-

198 3596 257 3651 τοῖς
275 3586 349 3661 quod
367 3608 427 3643 cum
445 3608 499 3644 nou
517 3587 623 3644 valeant
640 3588 749 3664 quidam
767 3587 924 3665 intelligere,
942 3591 1035 3667 inepte
1047 3608 1154 3644 eausam
1166 3587 1264 3643 harum

198 3690 288 3728 rerum
307 3675 458 3731 eonieetaut
477 3685 504 3731 et
522 3684 661 3751 quaerunt,
680 3676 858 3751 reiieiuntque
876 3674 996 3731 illumin
1014 3695 1059 3732 ees
1071 3684 1179 3730 naturas
1193 3694 1265 3750 quae

198 3756 325 3815 meliores
343 3770 407 3815 sont
426 3771 519 3817 nutura
538 3763 672 3818 communi
691 3770 719 3816 et
737 3762 797 3838 ipso
822 3759 980 3818 daemonum
997 3762 1080 3838 gradu
1098 3764 1264 3840 superiores.

199 3843 274 3923 quod
296 3845 321 3898 εἰ
345 3844 378 3899 nd
401 3845 449 3902 hus
471 3868 515 3904 reo
540 3846 722 3905 conficiendas
743 3845 867 3903 nonnihil
894 3847 963 3904 forte
990 3847 1162 3905 conferuntur
1188 3850 1265 3904 vireo

199 3929 331 4010 quaedum
352 3931 455 3985 animae
478 3932 661 4008 particularis,
689 3936 748 3990 sive
771 3955 801 3990 eu
825 3936 862 3990 eit
884 3937 912 3990 in
934 3954 1049 4013 corpore
1074 3934 1176 4002 adhuc,
1203 3937 1265 3991 sive

198 4028 344 4096 postquam
361 4024 510 4072 testaceum
528 4029 555 4074 et
573 4030 708 4077 terrenum
727 4020 893 4078 domicilium
911 4020 1093 4098 dereliquerit,
1112 4020 1201 4078 adhue
1218 4042 1266 4078 au·

199 4116 254 4162 tem
271 4108 300 4162 in
319 4105 417 4181 spiritu
435 4101 544 4158 turbido
562 4103 735 4183 humentique
753 4107 907 4164 obambulat
924 4108 1048 4165 inferiore
1067 4107 1134 4164 haee
1157 4118 1186 4164 et
1202 4107 1265 4166 loca

200 4192 364 4265 generationi
383 4197 545 4268 opportuni,
565 4211 627 4247 vera
646 4195 725 4250 etiam
742 4204 816 4251 esset
833 4193 880 4251 illa
898 4197 999 4273 opinio,
1018 4196 1068 4253 sed
1085 4196 1166 4271 longe
1180 4219 1197 4254 e
1208 4217 1268 4253 me·
