<?xml version="1.0" encoding="UTF-8"?>
<!DOCTYPE html PUBLIC "-//W3C//DTD XHTML 1.0 Transitional//EN"
    "http://www.w3.org/TR/xhtml1/DTD/xhtml1-transitional.dtd">
<html xmlns="http://www.w3.org/1999/xhtml" xml:lang="en" lang="en">
 <head>
  <title>
</title>
<meta http-equiv="Content-Type" content="text/html;charset=utf-8" />
  <meta name='ocr-system' content='tesseract 3.04.00' />
  <meta name='ocr-capabilities' content='ocr_page ocr_carea ocr_par ocr_line ocrx_word'/>
</head>
<body>
  <div class='ocr_page' id='page_1' title='image "./jamblichidemyst00jambgoog_0046.png"; bbox 0 0 2776 4876; ppageno 0'>
   <div class='ocr_carea' id='block_1_1' title="bbox 496 362 1173 442">
    <p class='ocr_par' dir='ltr' id='par_1_1' title="bbox 496 362 1173 442">
     <span class='ocr_line' id='line_1_1' title="bbox 496 362 1173 442; baseline 0.003 -23"><span class='ocrx_word' id='word_1_1' title='bbox 496 363 642 442; x_wconf 79' lang='lat' dir='ltr'><strong>Porphyrii</strong></span> <span class='ocrx_word' id='word_1_2' title='bbox 661 362 785 442; x_wconf 78' lang='lat' dir='ltr'><strong>epistole.</strong></span> <span class='ocrx_word' id='word_1_3' title='bbox 1094 381 1173 422; x_wconf 79' lang='lat' dir='ltr'><strong>nun</strong></span> 
     </span>
    </p>
   </div>
   <div class='ocr_carea' id='block_1_2' title="bbox 48 515 1228 2396">
    <p class='ocr_par' dir='ltr' id='par_1_2' title="bbox 48 515 1228 2396">
     <span class='ocr_line' id='line_1_2' title="bbox 116 515 1172 612; baseline 0.001 -25"><span class='ocrx_word' id='word_1_4' title='bbox 116 519 306 612; x_wconf 77' lang='grc' dir='ltr'><strong><em>ἀπόρροιαν</em></strong></span> <span class='ocrx_word' id='word_1_5' title='bbox 328 515 351 602; x_wconf 77' lang='grc' dir='ltr'><em>ἢ</em></span> <span class='ocrx_word' id='word_1_6' title='bbox 372 518 458 602; x_wconf 80' lang='grc' dir='ltr'><em>ζωὴν</em></span> <span class='ocrx_word' id='word_1_7' title='bbox 479 516 502 604; x_wconf 75' lang='grc' dir='ltr'>ἢ</span> <span class='ocrx_word' id='word_1_8' title='bbox 525 520 666 609; x_wconf 84' lang='grc' dir='ltr'><em>δύναμιν</em></span> <span class='ocrx_word' id='word_1_9' title='bbox 682 529 727 600; x_wconf 82' lang='grc' dir='ltr'><strong>εὶς</strong></span> <span class='ocrx_word' id='word_1_10' title='bbox 747 521 836 608; x_wconf 79' lang='grc' dir='ltr'><em>ἡμᾶς</em></span> <span class='ocrx_word' id='word_1_11' title='bbox 859 521 917 588; x_wconf 84' lang='grc' dir='ltr'><strong>ἀπ’</strong></span> <span class='ocrx_word' id='word_1_12' title='bbox 936 522 1039 590; x_wconf 81' lang='grc' dir='ltr'><em>αὐτοῦ</em></span> <span class='ocrx_word' id='word_1_13' title='bbox 1060 521 1172 604; x_wconf 79' lang='grc' dir='ltr'><em>καθή-</em></span> 
     </span>
     <span class='ocr_line' id='line_1_3' title="bbox 116 631 1173 723; baseline 0.002 -24"><span class='ocrx_word' id='word_1_14' title='bbox 116 657 183 716; x_wconf 71' lang='grc' dir='ltr'><em>κεις</em></span> <span class='ocrx_word' id='word_1_15' title='bbox 212 632 274 700; x_wconf 72' lang='grc' dir='ltr'><em>εἴτε</em></span> <span class='ocrx_word' id='word_1_16' title='bbox 295 632 480 723; x_wconf 77' lang='grc' dir='ltr'><strong><em>ὑφέστηκεν</em></strong></span> <span class='ocrx_word' id='word_1_17' title='bbox 502 634 564 701; x_wconf 78' lang='grc' dir='ltr'><em>εἴτε</em></span> <span class='ocrx_word' id='word_1_18' title='bbox 585 631 634 720; x_wconf 83' lang='grc' dir='ltr'><strong>μή</strong></span> <span class='ocrx_word' id='word_1_19' title='bbox 640 664 652 717; x_wconf 85' lang='grc'><strong>,·</strong></span> <span class='ocrx_word' id='word_1_20' title='bbox 680 637 737 700; x_wconf 80' lang='grc' dir='ltr'><strong>καὶ</strong></span> <span class='ocrx_word' id='word_1_21' title='bbox 760 640 787 701; x_wconf 85' lang='grc' dir='ltr'><strong>εὶ</strong></span> <span class='ocrx_word' id='word_1_22' title='bbox 810 634 832 715; x_wconf 77' lang='grc' dir='ltr'><em>ἡ</em></span> <span class='ocrx_word' id='word_1_23' title='bbox 855 631 980 720; x_wconf 79' lang='grc' dir='ltr'><em>εὕρεσις</em></span> <span class='ocrx_word' id='word_1_24' title='bbox 1001 639 1062 701; x_wconf 84' lang='grc' dir='ltr'><strong>τοῦ</strong></span> <span class='ocrx_word' id='word_1_25' title='bbox 1085 642 1173 702; x_wconf 72' lang='grc' dir='ltr'><em>οἰκο-</em></span> 
     </span>
     <span class='ocr_line' id='line_1_4' title="bbox 79 736 1173 834; baseline -0.001 -22"><span class='ocrx_word' id='word_1_26' title='bbox 79 741 281 812; x_wconf 79' lang='grc' dir='ltr'><em>3δεσπότον</em></span> <span class='ocrx_word' id='word_1_27' title='bbox 304 742 468 824; x_wconf 81' lang='grc' dir='ltr'><em>ἀδύνατός</em></span> <span class='ocrx_word' id='word_1_28' title='bbox 490 752 577 812; x_wconf 77' lang='grc' dir='ltr'><em>ἐστιν</em></span> <span class='ocrx_word' id='word_1_29' title='bbox 598 744 621 826; x_wconf 79' lang='grc' dir='ltr'><em>ἢ</em></span> <span class='ocrx_word' id='word_1_30' title='bbox 644 743 784 829; x_wconf 70' lang='grc' dir='ltr'><em>δννατής</em></span> <span class='ocrx_word' id='word_1_31' title='bbox 807 751 862 812; x_wconf 85' lang='grc' dir='ltr'><strong>καὶ</strong></span> <span class='ocrx_word' id='word_1_32' title='bbox 878 746 921 824; x_wconf 85' lang='grc' dir='ltr'><strong>ὡς</strong></span> <span class='ocrx_word' id='word_1_33' title='bbox 936 738 1032 822; x_wconf 80' lang='grc' dir='ltr'><em>οὗτος</em></span> <span class='ocrx_word' id='word_1_34' title='bbox 1046 736 1089 826; x_wconf 76' lang='grc' dir='ltr'><strong>ἦν</strong></span> <span class='ocrx_word' id='word_1_35' title='bbox 1105 741 1173 834; x_wconf 79' lang='grc' dir='ltr'><strong>ἄρα</strong></span> 
     </span>
     <span class='ocr_line' id='line_1_5' title="bbox 117 851 1171 945; baseline 0.001 -25"><span class='ocrx_word' id='word_1_36' title='bbox 117 852 283 940; x_wconf 73' lang='grc' dir='ltr'><strong>εὐδαίμων</strong></span> <span class='ocrx_word' id='word_1_37' title='bbox 305 852 396 935; x_wconf 86' lang='grc' dir='ltr'><em>ὅστις</em></span> <span class='ocrx_word' id='word_1_38' title='bbox 417 851 544 942; x_wconf 74' lang='grc' dir='ltr'><em>μαθων</em></span> <span class='ocrx_word' id='word_1_39' title='bbox 565 853 605 924; x_wconf 85' lang='grc' dir='ltr'><strong>τὸ</strong></span> <span class='ocrx_word' id='word_1_40' title='bbox 629 863 740 945; x_wconf 83' lang='grc' dir='ltr'><em>σχῆμα</em></span> <span class='ocrx_word' id='word_1_41' title='bbox 763 861 821 938; x_wconf 85' lang='grc' dir='ltr'><strong>τῆς</strong></span> <span class='ocrx_word' id='word_1_42' title='bbox 843 857 947 924; x_wconf 81' lang='grc' dir='ltr'><em>αὐτοῦ</em></span> <span class='ocrx_word' id='word_1_43' title='bbox 961 862 1115 941; x_wconf 75' lang='grc' dir='ltr'><em>γενέσεως</em></span> <span class='ocrx_word' id='word_1_44' title='bbox 1129 852 1171 923; x_wconf 77' lang='grc' dir='ltr'><strong>τοὶ</strong></span> 
     </span>
     <span class='ocr_line' id='line_1_6' title="bbox 117 965 1014 1054; baseline 0.002 -23"><span class='ocrx_word' id='word_1_45' title='bbox 117 970 300 1054; x_wconf 76' lang='grc' dir='ltr'><em>εἱμαρμένα</em></span> <span class='ocrx_word' id='word_1_46' title='bbox 322 965 494 1035; x_wconf 82' lang='grc' dir='ltr'><em>ὲκλύσαιτο</em></span> <span class='ocrx_word' id='word_1_47' title='bbox 517 972 616 1054; x_wconf 63' lang='lat' dir='ltr'><strong>mcc</strong></span> <span class='ocrx_word' id='word_1_48' title='bbox 637 968 697 1036; x_wconf 86' lang='grc' dir='ltr'><strong>τὸν</strong></span> <span class='ocrx_word' id='word_1_49' title='bbox 719 973 839 1035; x_wconf 79' lang='grc' dir='ltr'><em>ἑαυτοῦ</em></span> <span class='ocrx_word' id='word_1_50' title='bbox 862 969 1014 1054; x_wconf 85' lang='grc' dir='ltr'><em>δαίμονα.</em></span> 
     </span>
     <span class='ocr_line' id='line_1_7' title="bbox 81 1075 1228 1165; baseline 0.003 -22"><span class='ocrx_word' id='word_1_51' title='bbox 81 1100 98 1151; x_wconf 79' lang='grc' dir='ltr'><strong>ε</strong></span> <span class='ocrx_word' id='word_1_52' title='bbox 205 1075 303 1145; x_wconf 78' lang='grc' dir='ltr'><em>Ἀλλδ</em></span> <span class='ocrx_word' id='word_1_53' title='bbox 326 1083 382 1146; x_wconf 86' lang='grc' dir='ltr'><strong>καὶ</strong></span> <span class='ocrx_word' id='word_1_54' title='bbox 405 1086 436 1147; x_wconf 90' lang='grc' dir='ltr'><strong>οἱ</strong></span> <span class='ocrx_word' id='word_1_55' title='bbox 458 1078 595 1160; x_wconf 83' lang='grc' dir='ltr'><em>κάνονες</em></span> <span class='ocrx_word' id='word_1_56' title='bbox 616 1084 675 1162; x_wconf 81' lang='grc' dir='ltr'><strong>τῆς</strong></span> <span class='ocrx_word' id='word_1_57' title='bbox 696 1083 971 1165; x_wconf 76' lang='grc' dir='ltr'><em>γενεθλιαλογίας</em></span> <span class='ocrx_word' id='word_1_58' title='bbox 992 1084 1073 1147; x_wconf 80' lang='grc' dir='ltr'><em>ελσὶν</em></span> <span class='ocrx_word' id='word_1_59' title='bbox 1088 1079 1171 1147; x_wconf 81' lang='grc' dir='ltr'><em>ἀνα·</em></span> <span class='ocrx_word' id='word_1_60' title='bbox 1189 1083 1228 1141; x_wconf 80' lang='grc'><strong>40</strong></span> 
     </span>
     <span class='ocr_line' id='line_1_8' title="bbox 115 1189 1170 1276; baseline 0.003 -22"><span class='ocrx_word' id='word_1_61' title='bbox 115 1191 282 1276; x_wconf 76' lang='grc' dir='ltr'><em>ρίθμητοι</em></span> <span class='ocrx_word' id='word_1_62' title='bbox 297 1195 354 1257; x_wconf 84' lang='grc' dir='ltr'><strong>καὶ</strong></span> <span class='ocrx_word' id='word_1_63' title='bbox 369 1189 611 1272; x_wconf 72' lang='grc' dir='ltr'><em>ἀκατάληπτον</em></span> <span class='ocrx_word' id='word_1_64' title='bbox 634 1189 720 1257; x_wconf 79' lang='grc' dir='ltr'><em>ἀλλὰ</em></span> <span class='ocrx_word' id='word_1_65' title='bbox 735 1189 975 1269; x_wconf 74' lang='grc' dir='ltr'><em>καλάδύνατος</em></span> <span class='ocrx_word' id='word_1_66' title='bbox 991 1198 1035 1268; x_wconf 84' lang='grc' dir='ltr'><strong>εὶς</strong></span> <span class='ocrx_word' id='word_1_67' title='bbox 1049 1194 1170 1276; x_wconf 73' lang='grc' dir='ltr'><em>γνῶσιν</em></span> 
     </span>
     <span class='ocr_line' id='line_1_9' title="bbox 115 1297 1172 1393; baseline 0.003 -27"><span class='ocrx_word' id='word_1_68' title='bbox 115 1300 138 1381; x_wconf 78' lang='grc' dir='ltr'><em>ἡ</em></span> <span class='ocrx_word' id='word_1_69' title='bbox 161 1299 384 1388; x_wconf 72' lang='grc' dir='ltr'><em>μαθηματικὴ</em></span> <span class='ocrx_word' id='word_1_70' title='bbox 402 1300 572 1388; x_wconf 78' lang='grc' dir='ltr'><em>ἐπιστήμη,</em></span> <span class='ocrx_word' id='word_1_71' title='bbox 593 1298 700 1384; x_wconf 82' lang='grc' dir='ltr'><em>πολλὴ</em></span> <span class='ocrx_word' id='word_1_72' title='bbox 715 1297 780 1389; x_wconf 77' lang='grc' dir='ltr'><strong>γὰρ</strong></span> <span class='ocrx_word' id='word_1_73' title='bbox 796 1305 962 1393; x_wconf 81' lang='grc' dir='ltr'><em>διαφωνία</em></span> <span class='ocrx_word' id='word_1_74' title='bbox 977 1307 1052 1388; x_wconf 88' lang='grc' dir='ltr'><em>περὶ</em></span> <span class='ocrx_word' id='word_1_75' title='bbox 1067 1298 1172 1383; x_wconf 78' lang='grc' dir='ltr'><em>αὐτὴν</em></span> 
     </span>
     <span class='ocr_line' id='line_1_10' title="bbox 80 1409 1171 1507; baseline -0.003 -23"><span class='ocrx_word' id='word_1_76' title='bbox 80 1433 97 1484; x_wconf 75' lang='grc' dir='ltr'><strong>ε</strong></span> <span class='ocrx_word' id='word_1_77' title='bbox 116 1415 259 1496; x_wconf 76' lang='grc' dir='ltr'><em>γέγονεν,</em></span> <span class='ocrx_word' id='word_1_78' title='bbox 281 1417 339 1480; x_wconf 84' lang='grc' dir='ltr'><strong>καὶ</strong></span> <span class='ocrx_word' id='word_1_79' title='bbox 354 1413 372 1480; x_wconf 89' lang='grc' dir='ltr'>ὁ</span> <span class='ocrx_word' id='word_1_80' title='bbox 392 1412 578 1507; x_wconf 75' lang='grc' dir='ltr'><em>Χαιρήμων</em></span> <span class='ocrx_word' id='word_1_81' title='bbox 600 1410 697 1482; x_wconf 81' lang='grc' dir='ltr'><em>ἄλλοι</em></span> <span class='ocrx_word' id='word_1_82' title='bbox 710 1439 745 1482; x_wconf 87' lang='grc' dir='ltr'><strong>τε</strong></span> <span class='ocrx_word' id='word_1_83' title='bbox 760 1417 877 1487; x_wconf 80' lang='grc' dir='ltr'><em>πολλοὶ</em></span> <span class='ocrx_word' id='word_1_84' title='bbox 899 1409 982 1502; x_wconf 79' lang='grc' dir='ltr'><em>πρὸς</em></span> <span class='ocrx_word' id='word_1_85' title='bbox 996 1410 1101 1495; x_wconf 75' lang='grc' dir='ltr'><em>αὐτὴν</em></span> <span class='ocrx_word' id='word_1_86' title='bbox 1115 1418 1171 1482; x_wconf 81' lang='grc' dir='ltr'><strong>καὶ</strong></span> 
     </span>
     <span class='ocr_line' id='line_1_11' title="bbox 115 1521 357 1610; baseline 0.008 -22"><span class='ocrx_word' id='word_1_87' title='bbox 115 1521 357 1610; x_wconf 66' lang='grc' dir='ltr'><em>ἀπειρήκασιν.</em></span> 
     </span>
     <span class='ocr_line' id='line_1_12' title="bbox 203 1632 1225 1725; baseline 0.001 -26"><span class='ocrx_word' id='word_1_88' title='bbox 203 1634 260 1714; x_wconf 84' lang='grc' dir='ltr'><strong>Ὡς</strong></span> <span class='ocrx_word' id='word_1_89' title='bbox 284 1634 304 1718; x_wconf 85' lang='grc' dir='ltr'><strong><em>ἡ</em></strong></span> <span class='ocrx_word' id='word_1_90' title='bbox 327 1640 390 1704; x_wconf 84' lang='grc' dir='ltr'><strong>τοῦ</strong></span> <span class='ocrx_word' id='word_1_91' title='bbox 411 1634 644 1706; x_wconf 81' lang='grc' dir='ltr'><em>ολκοδεσπότον</em></span> <span class='ocrx_word' id='word_1_92' title='bbox 665 1640 726 1718; x_wconf 82' lang='grc' dir='ltr'><strong>τῆς</strong></span> <span class='ocrx_word' id='word_1_93' title='bbox 747 1643 901 1722; x_wconf 77' lang='grc' dir='ltr'><em>γενέσεως</em></span> <span class='ocrx_word' id='word_1_94' title='bbox 923 1641 1034 1725; x_wconf 80' lang='grc' dir='ltr'><em>λῆψις,</em></span> <span class='ocrx_word' id='word_1_95' title='bbox 1061 1632 1084 1718; x_wconf 80' lang='grc' dir='ltr'><em>ἢ</em></span> <span class='ocrx_word' id='word_1_96' title='bbox 1106 1642 1171 1705; x_wconf 80' lang='grc' dir='ltr'><strong>τῶν</strong></span> <span class='ocrx_word' id='word_1_97' title='bbox 1188 1643 1225 1701; x_wconf 79' lang='grc'><strong>41</strong></span> 
     </span>
     <span class='ocr_line' id='line_1_13' title="bbox 61 1743 1165 1838; baseline 0.001 -23"><span class='ocrx_word' id='word_1_98' title='bbox 61 1765 97 1815; x_wconf 82' lang='lat'><strong>12</strong></span> <span class='ocrx_word' id='word_1_99' title='bbox 117 1746 439 1823; x_wconf 70' lang='grc' dir='ltr'><em>οἰκοδεσποτούντων</em></span> <span class='ocrx_word' id='word_1_100' title='bbox 461 1756 489 1816; x_wconf 85' lang='grc' dir='ltr'><strong>εὶ</strong></span> <span class='ocrx_word' id='word_1_101' title='bbox 509 1753 642 1827; x_wconf 83' lang='grc' dir='ltr'><em>πλείους</em></span> <span class='ocrx_word' id='word_1_102' title='bbox 665 1748 727 1815; x_wconf 81' lang='grc' dir='ltr'><em>εἶεν</em></span> <span class='ocrx_word' id='word_1_103' title='bbox 748 1747 837 1828; x_wconf 79' lang='grc' dir='ltr'><em>ἑνός,</em></span> <span class='ocrx_word' id='word_1_104' title='bbox 867 1743 983 1837; x_wconf 85' lang='grc' dir='ltr'><em>σχεδὸν</em></span> <span class='ocrx_word' id='word_1_105' title='bbox 1009 1753 1064 1816; x_wconf 84' lang='grc' dir='ltr'><strong>καὶ</strong></span> <span class='ocrx_word' id='word_1_106' title='bbox 1085 1749 1165 1838; x_wconf 84' lang='grc' dir='ltr'><em>παρ’</em></span> 
     </span>
     <span class='ocr_line' id='line_1_14' title="bbox 113 1853 1170 1955; baseline 0.005 -31"><span class='ocrx_word' id='word_1_107' title='bbox 113 1856 230 1936; x_wconf 82' lang='grc' dir='ltr'><em>αὐτοῖς</em></span> <span class='ocrx_word' id='word_1_108' title='bbox 251 1858 462 1945; x_wconf 74' lang='grc' dir='ltr'><em>ὁμολογεῖται</em></span> <span class='ocrx_word' id='word_1_109' title='bbox 483 1858 567 1927; x_wconf 83' lang='grc' dir='ltr'><em>εἶναι</em></span> <span class='ocrx_word' id='word_1_110' title='bbox 589 1859 830 1942; x_wconf 78' lang='grc' dir='ltr'><em>ἀκατάληπτος,</em></span> <span class='ocrx_word' id='word_1_111' title='bbox 842 1859 916 1951; x_wconf 75' lang='grc' dir='ltr'><strong>ἀφ’</strong></span> <span class='ocrx_word' id='word_1_112' title='bbox 937 1853 978 1927; x_wconf 80' lang='grc' dir='ltr'><strong>οὗ</strong></span> <span class='ocrx_word' id='word_1_113' title='bbox 1000 1860 1041 1943; x_wconf 86' lang='grc' dir='ltr'><strong>δή</strong></span> <span class='ocrx_word' id='word_1_114' title='bbox 1064 1885 1170 1955; x_wconf 78' lang='grc' dir='ltr'><em>φασιν</em></span> 
     </span>
     <span class='ocr_line' id='line_1_15' title="bbox 113 1967 929 2060; baseline 0.002 -25"><span class='ocrx_word' id='word_1_115' title='bbox 113 1976 239 2038; x_wconf 67' lang='grc' dir='ltr'><em>ἐνεῖναι</em></span> <span class='ocrx_word' id='word_1_116' title='bbox 260 1967 319 2037; x_wconf 84' lang='grc' dir='ltr'><strong>τὸν</strong></span> <span class='ocrx_word' id='word_1_117' title='bbox 342 1979 464 2040; x_wconf 69' lang='grc' dir='ltr'><em>οἰκεῖον</em></span> <span class='ocrx_word' id='word_1_118' title='bbox 485 1977 700 2059; x_wconf 77' lang='grc' dir='ltr'><em>καταμαθεῖν</em></span> <span class='ocrx_word' id='word_1_119' title='bbox 721 1975 877 2060; x_wconf 87' lang='grc' dir='ltr'><em>δαίμονα.</em></span> <span class='ocrx_word' id='word_1_120' title='bbox 907 2030 929 2036; x_wconf 77' lang='grc'><strong>,.</strong></span> 
     </span>
     <span class='ocr_line' id='line_1_16' title="bbox 60 2078 1227 2171; baseline 0.006 -24"><span class='ocrx_word' id='word_1_121' title='bbox 60 2105 96 2156; x_wconf 77' lang='lat'><strong>-15</strong></span> <span class='ocrx_word' id='word_1_122' title='bbox 200 2078 271 2148; x_wconf 83' lang='grc' dir='ltr'><em>Ἔτι</em></span> <span class='ocrx_word' id='word_1_123' title='bbox 293 2085 343 2163; x_wconf 75' lang='grc' dir='ltr'><strong>δέ,</strong></span> <span class='ocrx_word' id='word_1_124' title='bbox 372 2083 403 2150; x_wconf 76' lang='grc' dir='ltr'><strong>ελ</strong></span> <span class='ocrx_word' id='word_1_125' title='bbox 429 2110 520 2163; x_wconf 88' lang='grc' dir='ltr'><em>τινος</em></span> <span class='ocrx_word' id='word_1_126' title='bbox 548 2090 614 2151; x_wconf 86' lang='grc' dir='ltr'><strong>τῶν</strong></span> <span class='ocrx_word' id='word_1_127' title='bbox 636 2092 671 2151; x_wconf 78' lang='grc' dir='ltr'><strong>ἐν</strong></span> <span class='ocrx_word' id='word_1_128' title='bbox 688 2084 774 2170; x_wconf 72' lang='grc' dir='ltr'><em>ημῖν</em></span> <span class='ocrx_word' id='word_1_129' title='bbox 795 2088 904 2171; x_wconf 70' lang='grc' dir='ltr'><em>μεροῖν</em></span> <span class='ocrx_word' id='word_1_130' title='bbox 931 2083 1060 2169; x_wconf 76' lang='grc' dir='ltr'><em>ἡγεῖται</em></span> <span class='ocrx_word' id='word_1_131' title='bbox 1087 2087 1170 2165; x_wconf 83' lang='grc' dir='ltr'><em>ἰ’διος</em></span> <span class='ocrx_word' id='word_1_132' title='bbox 1187 2103 1227 2161; x_wconf 77' lang='grc'><strong>42</strong></span> 
     </span>
     <span class='ocr_line' id='line_1_17' title="bbox 48 2191 1170 2284; baseline 0.006 -26"><span class='ocrx_word' id='word_1_133' title='bbox 48 2202 50 2206; x_wconf 84' lang='grc'><strong>’</strong></span> <span class='ocrx_word' id='word_1_134' title='bbox 115 2194 263 2279; x_wconf 72' lang='grc' dir='ltr'><em>δαίμωνς</em></span> <span class='ocrx_word' id='word_1_135' title='bbox 286 2197 377 2261; x_wconf 88' lang='grc' dir='ltr'><em>δοκεῖ·</em></span> <span class='ocrx_word' id='word_1_136' title='bbox 396 2195 461 2281; x_wconf 78' lang='grc' dir='ltr'><strong>γάρ</strong></span> <span class='ocrx_word' id='word_1_137' title='bbox 483 2218 570 2263; x_wconf 88' lang='grc' dir='ltr'><em>τισιν</em></span> <span class='ocrx_word' id='word_1_138' title='bbox 592 2191 644 2262; x_wconf 85' lang='grc' dir='ltr'><em>ὅτι</em></span> <span class='ocrx_word' id='word_1_139' title='bbox 664 2200 721 2262; x_wconf 86' lang='grc' dir='ltr'><strong>καὶ</strong></span> <span class='ocrx_word' id='word_1_140' title='bbox 742 2195 829 2261; x_wconf 75' lang='grc' dir='ltr'><em>κατὰ</em></span> <span class='ocrx_word' id='word_1_141' title='bbox 844 2201 926 2284; x_wconf 78' lang='grc' dir='ltr'><em>μέρη</em></span> <span class='ocrx_word' id='word_1_142' title='bbox 943 2201 1002 2263; x_wconf 80' lang='grc' dir='ltr'><strong>τοῦ</strong></span> <span class='ocrx_word' id='word_1_143' title='bbox 1015 2197 1170 2284; x_wconf 81' lang='grc' dir='ltr'><em>σώματος</em></span> 
     </span>
     <span class='ocr_line' id='line_1_18' title="bbox 114 2304 1169 2396; baseline 0.006 -26"><span class='ocrx_word' id='word_1_144' title='bbox 114 2304 315 2396; x_wconf 71' lang='grc' dir='ltr'><em>ἐφεστήκασι</em></span> <span class='ocrx_word' id='word_1_145' title='bbox 337 2309 500 2392; x_wconf 84' lang='grc' dir='ltr'><em>δαίμονες,</em></span> <span class='ocrx_word' id='word_1_146' title='bbox 521 2307 633 2394; x_wconf 77' lang='grc' dir='ltr'><em>ὑγείας</em></span> <span class='ocrx_word' id='word_1_147' title='bbox 654 2311 711 2373; x_wconf 88' lang='grc' dir='ltr'><strong>καὶ</strong></span> <span class='ocrx_word' id='word_1_148' title='bbox 733 2312 792 2374; x_wconf 84' lang='grc' dir='ltr'><strong>τοῦ</strong></span> <span class='ocrx_word' id='word_1_149' title='bbox 808 2307 913 2384; x_wconf 75' lang='grc' dir='ltr'><em>εἴδους</em></span> <span class='ocrx_word' id='word_1_150' title='bbox 928 2311 984 2374; x_wconf 83' lang='grc' dir='ltr'><strong>καὶ</strong></span> <span class='ocrx_word' id='word_1_151' title='bbox 998 2312 1059 2389; x_wconf 84' lang='grc' dir='ltr'><strong>τῆς</strong></span> <span class='ocrx_word' id='word_1_152' title='bbox 1074 2309 1169 2388; x_wconf 72' lang='grc' dir='ltr'><em>ἕξεως</em></span> 
     </span>
    </p>
   </div>
   <div class='ocr_carea' id='block_1_3' title="bbox 53 2414 1170 2622">
    <p class='ocr_par' dir='ltr' id='par_1_3' title="bbox 53 2414 1170 2622">
     <span class='ocr_line' id='line_1_19' title="bbox 63 2414 1170 2506; baseline 0 -20"><span class='ocrx_word' id='word_1_153' title='bbox 63 2435 96 2486; x_wconf 81' lang='lat'><strong>18</strong></span> <span class='ocrx_word' id='word_1_154' title='bbox 116 2421 177 2497; x_wconf 82' lang='grc' dir='ltr'><strong>τῆς</strong></span> <span class='ocrx_word' id='word_1_155' title='bbox 200 2424 235 2484; x_wconf 78' lang='grc' dir='ltr'><strong>ἐν</strong></span> <span class='ocrx_word' id='word_1_156' title='bbox 258 2417 371 2496; x_wconf 83' lang='grc' dir='ltr'><em>αὐτοῖς</em></span> <span class='ocrx_word' id='word_1_157' title='bbox 393 2414 487 2497; x_wconf 85' lang='grc' dir='ltr'><em>ὄντες</em></span> <span class='ocrx_word' id='word_1_158' title='bbox 509 2431 664 2506; x_wconf 86' lang='grc' dir='ltr'><em>σννοχεῑς,</em></span> <span class='ocrx_word' id='word_1_159' title='bbox 685 2423 741 2485; x_wconf 90' lang='grc' dir='ltr'><strong>καὶ</strong></span> <span class='ocrx_word' id='word_1_160' title='bbox 764 2416 816 2485; x_wconf 86' lang='grc' dir='ltr'><em>ὅτι</em></span> <span class='ocrx_word' id='word_1_161' title='bbox 831 2417 876 2496; x_wconf 80' lang='grc' dir='ltr'><strong>εἷς</strong></span> <span class='ocrx_word' id='word_1_162' title='bbox 890 2421 943 2484; x_wconf 80' lang='grc' dir='ltr'><strong>ἐπὶ</strong></span> <span class='ocrx_word' id='word_1_163' title='bbox 956 2423 1040 2487; x_wconf 83' lang='grc' dir='ltr'><em>πᾶσι</em></span> <span class='ocrx_word' id='word_1_164' title='bbox 1054 2425 1170 2498; x_wconf 80' lang='grc' dir='ltr'><em>κοινῶς</em></span> 
     </span>
     <span class='ocr_line' id='line_1_20' title="bbox 53 2512 510 2622; baseline 0.011 -29"><span class='ocrx_word' id='word_1_165' title='bbox 53 2616 57 2622; x_wconf 25' lang='grc'><em>,</em></span> <span class='ocrx_word' id='word_1_166' title='bbox 114 2530 290 2615; x_wconf 68' lang='grc' dir='ltr'><em>ἐπιβέβηκε</em></span> <span class='ocrx_word' id='word_1_167' title='bbox 312 2512 510 2617; x_wconf 80' lang='grc' dir='ltr'><em>προστάτης.</em></span> 
     </span>
    </p>
   </div>
   <div class='ocr_carea' id='block_1_4' title="bbox 185 2690 1168 2846">
    <p class='ocr_par' dir='ltr' id='par_1_4' title="bbox 185 2690 1168 2846">
     <span class='ocr_line' id='line_1_21' title="bbox 185 2690 1168 2761; baseline 0.007 -19"><span class='ocrx_word' id='word_1_168' title='bbox 185 2691 290 2746; x_wconf 81' lang='lat' dir='ltr'><strong>Fontes:</strong></span> <span class='ocrx_word' id='word_1_169' title='bbox 345 2690 425 2760; x_wconf 62' lang='lat' dir='ltr'><strong>§.4st</strong></span> <span class='ocrx_word' id='word_1_170' title='bbox 461 2694 555 2746; x_wconf 88' lang='lat' dir='ltr'><strong>Jambl.</strong></span> <span class='ocrx_word' id='word_1_171' title='bbox 574 2693 599 2756; x_wconf 85' lang='lat'><strong>9,</strong></span> <span class='ocrx_word' id='word_1_172' title='bbox 618 2697 633 2748; x_wconf 82' lang='lat'><strong>3</strong></span> <span class='ocrx_word' id='word_1_173' title='bbox 653 2710 676 2747; x_wconf 85' lang='lat' dir='ltr'><strong>et</strong></span> <span class='ocrx_word' id='word_1_174' title='bbox 694 2695 719 2746; x_wconf 81' lang='grc'><strong>4.</strong></span> <span class='ocrx_word' id='word_1_175' title='bbox 833 2717 837 2725; x_wconf 84' lang='grc'>’</span> <span class='ocrx_word' id='word_1_176' title='bbox 871 2691 895 2761; x_wconf 65' lang='grc' dir='ltr'><strong>ξ</strong></span> <span class='ocrx_word' id='word_1_177' title='bbox 906 2694 953 2746; x_wconf 79' lang='grc'><strong>41.·</strong></span> <span class='ocrx_word' id='word_1_178' title='bbox 986 2692 1080 2747; x_wconf 81' lang='lat' dir='ltr'><strong>Jambl.</strong></span> <span class='ocrx_word' id='word_1_179' title='bbox 1099 2694 1124 2759; x_wconf 82' lang='lat'><strong>9,</strong></span> <span class='ocrx_word' id='word_1_180' title='bbox 1143 2698 1168 2749; x_wconf 83' lang='grc'><strong>5.</strong></span> 
     </span>
     <span class='ocr_line' id='line_1_22' title="bbox 185 2775 484 2846; baseline 0.013 -17"><span class='ocrx_word' id='word_1_181' title='bbox 185 2775 265 2846; x_wconf 69' lang='lat' dir='ltr'><strong>§.su</strong></span> <span class='ocrx_word' id='word_1_182' title='bbox 302 2781 396 2832; x_wconf 66' lang='lat' dir='ltr'><strong>samm.</strong></span> <span class='ocrx_word' id='word_1_183' title='bbox 416 2776 440 2841; x_wconf 80' lang='grc' dir='ltr'><strong>ε,</strong></span> <span class='ocrx_word' id='word_1_184' title='bbox 460 2783 484 2833; x_wconf 80' lang='grc' dir='ltr'><em>ι.</em></span> 
     </span>
    </p>
   </div>
   <div class='ocr_carea' id='block_1_5' title="bbox 112 2937 1225 4324">
    <p class='ocr_par' dir='ltr' id='par_1_5' title="bbox 113 2937 1169 3280">
     <span class='ocr_line' id='line_1_23' title="bbox 114 2937 1169 3019; baseline 0.005 -25"><span class='ocrx_word' id='word_1_185' title='bbox 114 2937 149 2994; x_wconf 88' lang='lat' dir='ltr'><strong>ad</strong></span> <span class='ocrx_word' id='word_1_186' title='bbox 166 2958 217 2995; x_wconf 90' lang='lat' dir='ltr'><strong>nos</strong></span> <span class='ocrx_word' id='word_1_187' title='bbox 234 2940 268 2995; x_wconf 83' lang='lat' dir='ltr'><strong>ab</strong></span> <span class='ocrx_word' id='word_1_188' title='bbox 287 2962 319 2996; x_wconf 92' lang='lat' dir='ltr'><strong>eo</strong></span> <span class='ocrx_word' id='word_1_189' title='bbox 339 2942 500 2999; x_wconf 74' lang='lat' dir='ltr'><strong>descendet?</strong></span> <span class='ocrx_word' id='word_1_190' title='bbox 527 2962 625 3019; x_wconf 81' lang='lat' dir='ltr'><strong>quaero</strong></span> <span class='ocrx_word' id='word_1_191' title='bbox 643 2944 707 2999; x_wconf 86' lang='lat' dir='ltr'><strong>item</strong></span> <span class='ocrx_word' id='word_1_192' title='bbox 725 2953 812 2999; x_wconf 90' lang='lat' dir='ltr'><strong>utrum</strong></span> <span class='ocrx_word' id='word_1_193' title='bbox 825 2942 957 2999; x_wconf 74' lang='lat' dir='ltr'><strong>subsistat</strong></span> <span class='ocrx_word' id='word_1_194' title='bbox 970 2964 1062 3012; x_wconf 80' lang='lat' dir='ltr'><strong>necue,</strong></span> <span class='ocrx_word' id='word_1_195' title='bbox 1080 2954 1169 3000; x_wconf 87' lang='lat' dir='ltr'><strong>utrum</strong></span> 
     </span>
     <span class='ocr_line' id='line_1_24' title="bbox 114 3021 1168 3109; baseline 0.007 -29"><span class='ocrx_word' id='word_1_196' title='bbox 114 3021 367 3088; x_wconf 88' lang='lat' dir='ltr'><strong>domus-dominum</strong></span> <span class='ocrx_word' id='word_1_197' title='bbox 384 3032 505 3085; x_wconf 85' lang='lat' dir='ltr'><strong>invenire</strong></span> <span class='ocrx_word' id='word_1_198' title='bbox 521 3028 654 3107; x_wconf 85' lang='lat' dir='ltr'><strong>possibile</strong></span> <span class='ocrx_word' id='word_1_199' title='bbox 672 3031 709 3085; x_wconf 85' lang='lat' dir='ltr'><strong>sit</strong></span> <span class='ocrx_word' id='word_1_200' title='bbox 727 3049 760 3084; x_wconf 88' lang='lat' dir='ltr'><strong>an</strong></span> <span class='ocrx_word' id='word_1_201' title='bbox 772 3029 958 3107; x_wconf 74' lang='lat' dir='ltr'><strong>impossibile?</strong></span> <span class='ocrx_word' id='word_1_202' title='bbox 987 3033 1010 3086; x_wconf 86' lang='lat' dir='ltr'><strong>si</strong></span> <span class='ocrx_word' id='word_1_203' title='bbox 1023 3033 1094 3087; x_wconf 89' lang='lat' dir='ltr'><strong>enim</strong></span> <span class='ocrx_word' id='word_1_204' title='bbox 1106 3050 1168 3109; x_wconf 86' lang='lat' dir='ltr'><strong>pos·</strong></span> 
     </span>
     <span class='ocr_line' id='line_1_25' title="bbox 114 3111 1168 3193; baseline 0.003 -24"><span class='ocrx_word' id='word_1_205' title='bbox 114 3111 195 3169; x_wconf 84' lang='lat' dir='ltr'><strong>sibile</strong></span> <span class='ocrx_word' id='word_1_206' title='bbox 210 3115 261 3182; x_wconf 85' lang='lat' dir='ltr'><strong>sit,</strong></span> <span class='ocrx_word' id='word_1_207' title='bbox 284 3117 309 3170; x_wconf 89' lang='lat' dir='ltr'><strong>is</strong></span> <span class='ocrx_word' id='word_1_208' title='bbox 327 3136 392 3171; x_wconf 84' lang='lat' dir='ltr'><strong>sane</strong></span> <span class='ocrx_word' id='word_1_209' title='bbox 409 3115 472 3174; x_wconf 82' lang='lat' dir='ltr'><strong>felix</strong></span> <span class='ocrx_word' id='word_1_210' title='bbox 490 3119 553 3184; x_wconf 86' lang='lat' dir='ltr'><strong>erit,</strong></span> <span class='ocrx_word' id='word_1_211' title='bbox 574 3119 619 3193; x_wconf 83' lang='lat' dir='ltr'><strong>qui</strong></span> <span class='ocrx_word' id='word_1_212' title='bbox 637 3117 774 3192; x_wconf 83' lang='lat' dir='ltr'><strong>geniturae</strong></span> <span class='ocrx_word' id='word_1_213' title='bbox 792 3137 855 3172; x_wconf 83' lang='lat' dir='ltr'><strong>suae</strong></span> <span class='ocrx_word' id='word_1_214' title='bbox 873 3115 980 3171; x_wconf 85' lang='lat' dir='ltr'><strong>schema</strong></span> <span class='ocrx_word' id='word_1_215' title='bbox 1003 3136 1168 3193; x_wconf 77' lang='lat' dir='ltr'><strong>cognoscens</strong></span> 
     </span>
     <span class='ocr_line' id='line_1_26' title="bbox 113 3200 1120 3280; baseline 0.002 -26"><span class='ocrx_word' id='word_1_216' title='bbox 113 3202 253 3278; x_wconf 80' lang='lat' dir='ltr'><strong>proprium</strong></span> <span class='ocrx_word' id='word_1_217' title='bbox 271 3200 426 3258; x_wconf 81' lang='lat' dir='ltr'><strong>doemonem</strong></span> <span class='ocrx_word' id='word_1_218' title='bbox 445 3205 524 3259; x_wconf 83' lang='lat' dir='ltr'><strong>etiam</strong></span> <span class='ocrx_word' id='word_1_219' title='bbox 542 3204 660 3260; x_wconf 85' lang='lat' dir='ltr'><strong>inveniat</strong></span> <span class='ocrx_word' id='word_1_220' title='bbox 679 3212 706 3258; x_wconf 90' lang='lat' dir='ltr'><strong>et</strong></span> <span class='ocrx_word' id='word_1_221' title='bbox 723 3222 773 3280; x_wconf 85' lang='lat' dir='ltr'><strong>per</strong></span> <span class='ocrx_word' id='word_1_222' title='bbox 791 3223 852 3259; x_wconf 90' lang='lat' dir='ltr'><strong>eum</strong></span> <span class='ocrx_word' id='word_1_223' title='bbox 868 3201 915 3259; x_wconf 84' lang='lat' dir='ltr'><strong>lati</strong></span> <span class='ocrx_word' id='word_1_224' title='bbox 932 3204 988 3258; x_wconf 86' lang='lat' dir='ltr'><strong>vim</strong></span> <span class='ocrx_word' id='word_1_225' title='bbox 1004 3201 1120 3277; x_wconf 80' lang='lat' dir='ltr'><strong>effugiat.</strong></span> 
     </span>
    </p>

    <p class='ocr_par' dir='ltr' id='par_1_6' title="bbox 114 3286 1225 3626">
     <span class='ocr_line' id='line_1_27' title="bbox 185 3286 1225 3366; baseline 0.003 -24"><span class='ocrx_word' id='word_1_226' title='bbox 185 3286 256 3344; x_wconf 89' lang='lat' dir='ltr'><strong>Sane</strong></span> <span class='ocrx_word' id='word_1_227' title='bbox 273 3309 337 3344; x_wconf 86' lang='lat' dir='ltr'><strong>vero</strong></span> <span class='ocrx_word' id='word_1_228' title='bbox 356 3288 578 3366; x_wconf 74' lang='lat' dir='ltr'><strong>genethlialogiae</strong></span> <span class='ocrx_word' id='word_1_229' title='bbox 601 3308 716 3345; x_wconf 87' lang='lat' dir='ltr'><strong>canones</strong></span> <span class='ocrx_word' id='word_1_230' title='bbox 735 3289 860 3345; x_wconf 84' lang='lat' dir='ltr'><strong>videntur</strong></span> <span class='ocrx_word' id='word_1_231' title='bbox 882 3287 1088 3345; x_wconf 84' lang='lat' dir='ltr'><strong>innumerabiles</strong></span> <span class='ocrx_word' id='word_1_232' title='bbox 1107 3308 1168 3345; x_wconf 75' lang='lat' dir='ltr'><strong>esse</strong></span> <span class='ocrx_word' id='word_1_233' title='bbox 1185 3294 1225 3354; x_wconf 75' lang='grc'><strong>40</strong></span> 
     </span>
     <span class='ocr_line' id='line_1_28' title="bbox 114 3373 1193 3453; baseline 0.003 -25"><span class='ocrx_word' id='word_1_234' title='bbox 114 3383 142 3428; x_wconf 91' lang='lat' dir='ltr'><strong>et</strong></span> <span class='ocrx_word' id='word_1_235' title='bbox 158 3373 451 3452; x_wconf 80' lang='lat' dir='ltr'><strong>incomprehensibiles,</strong></span> <span class='ocrx_word' id='word_1_236' title='bbox 471 3378 536 3451; x_wconf 87' lang='lat' dir='ltr'><strong>quin</strong></span> <span class='ocrx_word' id='word_1_237' title='bbox 554 3377 613 3453; x_wconf 87' lang='lat' dir='ltr'><strong>ipsa</strong></span> <span class='ocrx_word' id='word_1_238' title='bbox 631 3373 815 3432; x_wconf 83' lang='lat' dir='ltr'><strong>mathematica</strong></span> <span class='ocrx_word' id='word_1_239' title='bbox 833 3377 943 3432; x_wconf 87' lang='lat' dir='ltr'><strong>scientia</strong></span> <span class='ocrx_word' id='word_1_240' title='bbox 961 3373 1041 3452; x_wconf 88' lang='lat' dir='ltr'><strong>plane</strong></span> <span class='ocrx_word' id='word_1_241' title='bbox 1059 3376 1168 3450; x_wconf 83' lang='lat' dir='ltr'><strong>cognitu</strong></span> <span class='ocrx_word' id='word_1_242' title='bbox 1188 3404 1193 3409; x_wconf 91' lang='lat'><strong>·</strong></span> 
     </span>
     <span class='ocr_line' id='line_1_29' title="bbox 114 3459 1168 3541; baseline 0.002 -25"><span class='ocrx_word' id='word_1_243' title='bbox 114 3470 158 3516; x_wconf 81' lang='lat' dir='ltr'><strong>est</strong></span> <span class='ocrx_word' id='word_1_244' title='bbox 174 3461 365 3539; x_wconf 78' lang='lat' dir='ltr'><strong>impossibilis3</strong></span> <span class='ocrx_word' id='word_1_245' title='bbox 386 3460 450 3518; x_wconf 83' lang='lat' dir='ltr'><strong>lites</strong></span> <span class='ocrx_word' id='word_1_246' title='bbox 468 3473 542 3519; x_wconf 87' lang='lat' dir='ltr'><strong>certe</strong></span> <span class='ocrx_word' id='word_1_247' title='bbox 559 3461 594 3518; x_wconf 88' lang='lat' dir='ltr'><strong>de</strong></span> <span class='ocrx_word' id='word_1_248' title='bbox 618 3483 648 3518; x_wconf 88' lang='lat' dir='ltr'><strong>ea</strong></span> <span class='ocrx_word' id='word_1_249' title='bbox 666 3483 772 3541; x_wconf 85' lang='lat' dir='ltr'><strong>semper</strong></span> <span class='ocrx_word' id='word_1_250' title='bbox 789 3472 853 3518; x_wconf 88' lang='lat' dir='ltr'><strong>sunt</strong></span> <span class='ocrx_word' id='word_1_251' title='bbox 871 3472 991 3530; x_wconf 83' lang='lat' dir='ltr'><strong>exortae,</strong></span> <span class='ocrx_word' id='word_1_252' title='bbox 1016 3460 1065 3517; x_wconf 85' lang='lat' dir='ltr'><strong>sed</strong></span> <span class='ocrx_word' id='word_1_253' title='bbox 1082 3459 1168 3518; x_wconf 78' lang='lat' dir='ltr'><strong>Chae·</strong></span> 
     </span>
     <span class='ocr_line' id='line_1_30' title="bbox 114 3547 876 3626; baseline 0.003 -25"><span class='ocrx_word' id='word_1_254' title='bbox 114 3566 206 3602; x_wconf 90' lang='lat' dir='ltr'><strong>remon</strong></span> <span class='ocrx_word' id='word_1_255' title='bbox 223 3550 283 3625; x_wconf 85' lang='lat' dir='ltr'><strong>ipse</strong></span> <span class='ocrx_word' id='word_1_256' title='bbox 301 3547 399 3625; x_wconf 86' lang='lat' dir='ltr'><strong>aliique</strong></span> <span class='ocrx_word' id='word_1_257' title='bbox 417 3548 495 3605; x_wconf 89' lang='lat' dir='ltr'><strong>multi</strong></span> <span class='ocrx_word' id='word_1_258' title='bbox 513 3559 605 3605; x_wconf 90' lang='lat' dir='ltr'><strong>contra</strong></span> <span class='ocrx_word' id='word_1_259' title='bbox 623 3568 681 3604; x_wconf 89' lang='lat' dir='ltr'><strong>eam</strong></span> <span class='ocrx_word' id='word_1_260' title='bbox 700 3548 876 3626; x_wconf 84' lang='lat' dir='ltr'><strong>disputarunt.</strong></span> 
     </span>
    </p>

    <p class='ocr_par' dir='ltr' id='par_1_7' title="bbox 112 3631 1222 3972">
     <span class='ocr_line' id='line_1_31' title="bbox 186 3631 1222 3703; baseline -0.001 -12"><span class='ocrx_word' id='word_1_261' title='bbox 186 3634 244 3691; x_wconf 88' lang='lat' dir='ltr'><strong>Jam</strong></span> <span class='ocrx_word' id='word_1_262' title='bbox 268 3646 357 3692; x_wconf 89' lang='lat' dir='ltr'><strong>autem</strong></span> <span class='ocrx_word' id='word_1_263' title='bbox 379 3637 498 3691; x_wconf 84' lang='lat' dir='ltr'><strong>inventio</strong></span> <span class='ocrx_word' id='word_1_264' title='bbox 522 3634 739 3691; x_wconf 88' lang='lat' dir='ltr'><strong>domus-domini</strong></span> <span class='ocrx_word' id='word_1_265' title='bbox 761 3637 820 3691; x_wconf 85' lang='lat' dir='ltr'><strong>sive</strong></span> <span class='ocrx_word' id='word_1_266' title='bbox 842 3634 1023 3703; x_wconf 89' lang='lat' dir='ltr'><strong>dominorum,</strong></span> <span class='ocrx_word' id='word_1_267' title='bbox 1051 3636 1075 3690; x_wconf 84' lang='lat' dir='ltr'><strong>si</strong></span> <span class='ocrx_word' id='word_1_268' title='bbox 1099 3633 1168 3690; x_wconf 82' lang='lat' dir='ltr'><strong>forte</strong></span> <span class='ocrx_word' id='word_1_269' title='bbox 1184 3631 1222 3690; x_wconf 69' lang='lat' dir='ltr'><strong>dl</strong></span> 
     </span>
     <span class='ocr_line' id='line_1_32' title="bbox 113 3719 1169 3800; baseline 0.004 -25"><span class='ocrx_word' id='word_1_270' title='bbox 113 3719 204 3798; x_wconf 84' lang='lat' dir='ltr'><strong>plures</strong></span> <span class='ocrx_word' id='word_1_271' title='bbox 222 3725 331 3779; x_wconf 86' lang='lat' dir='ltr'><strong>suntin</strong></span> <span class='ocrx_word' id='word_1_272' title='bbox 349 3724 447 3800; x_wconf 83' lang='lat' dir='ltr'><strong>genesi,-</strong></span> <span class='ocrx_word' id='word_1_273' title='bbox 465 3721 521 3778; x_wconf 86' lang='lat' dir='ltr'><strong>fere</strong></span> <span class='ocrx_word' id='word_1_274' title='bbox 540 3721 696 3778; x_wconf 80' lang='lat' dir='ltr'><strong>conceditur</strong></span> <span class='ocrx_word' id='word_1_275' title='bbox 719 3722 752 3776; x_wconf 94' lang='lat' dir='ltr'><strong>ab</strong></span> <span class='ocrx_word' id='word_1_276' title='bbox 770 3723 839 3798; x_wconf 89' lang='lat' dir='ltr'><strong>ipsis</strong></span> <span class='ocrx_word' id='word_1_277' title='bbox 857 3719 1051 3778; x_wconf 85' lang='lat' dir='ltr'><strong>mathematicis</strong></span> <span class='ocrx_word' id='word_1_278' title='bbox 1069 3723 1169 3800; x_wconf 83' lang='lat' dir='ltr'><strong>impos·</strong></span> 
     </span>
     <span class='ocr_line' id='line_1_33' title="bbox 114 3806 1167 3886; baseline 0.002 -24"><span class='ocrx_word' id='word_1_279' title='bbox 114 3806 201 3864; x_wconf 86' lang='lat' dir='ltr'><strong>sibilis</strong></span> <span class='ocrx_word' id='word_1_280' title='bbox 220 3830 290 3880; x_wconf 82' lang='lat' dir='ltr'><strong>esse,</strong></span> <span class='ocrx_word' id='word_1_281' title='bbox 310 3819 337 3866; x_wconf 84' lang='lat' dir='ltr'><strong>et</strong></span> <span class='ocrx_word' id='word_1_282' title='bbox 354 3820 442 3865; x_wconf 89' lang='lat' dir='ltr'><strong>tamen</strong></span> <span class='ocrx_word' id='word_1_283' title='bbox 457 3808 494 3864; x_wconf 90' lang='lat' dir='ltr'><strong>ah</strong></span> <span class='ocrx_word' id='word_1_284' title='bbox 511 3806 564 3864; x_wconf 88' lang='lat' dir='ltr'><strong>hoc</strong></span> <span class='ocrx_word' id='word_1_285' title='bbox 580 3807 682 3886; x_wconf 89' lang='lat' dir='ltr'><strong>pendet</strong></span> <span class='ocrx_word' id='word_1_286' title='bbox 699 3810 802 3885; x_wconf 89' lang='lat' dir='ltr'><strong>proprii</strong></span> <span class='ocrx_word' id='word_1_287' title='bbox 820 3806 957 3865; x_wconf 85' lang='lat' dir='ltr'><strong>daemonis</strong></span> <span class='ocrx_word' id='word_1_288' title='bbox 975 3811 1063 3865; x_wconf 88' lang='lat' dir='ltr'><strong>omnis</strong></span> <span class='ocrx_word' id='word_1_289' title='bbox 1075 3819 1167 3865; x_wconf 87' lang='lat' dir='ltr'><strong>nostra</strong></span> 
     </span>
     <span class='ocr_line' id='line_1_34' title="bbox 112 3898 594 3972; baseline 0.002 -21"><span class='ocrx_word' id='word_1_290' title='bbox 112 3898 239 3972; x_wconf 81' lang='lat' dir='ltr'><strong>cognitio.</strong></span> <span class='ocrx_word' id='word_1_291' title='bbox 556 3964 559 3969; x_wconf 12' lang='grc' dir='ltr'><strong><em>ἢ</em></strong></span> <span class='ocrx_word' id='word_1_292' title='bbox 591 3912 594 3917; x_wconf 83' lang='grc'><strong>’</strong></span> 
     </span>
    </p>

    <p class='ocr_par' dir='ltr' id='par_1_8' title="bbox 113 3981 1224 4324">
     <span class='ocr_line' id='line_1_35' title="bbox 186 3981 1224 4059; baseline -0.005 -19"><span class='ocrx_word' id='word_1_293' title='bbox 186 3983 293 4057; x_wconf 79' lang='lat' dir='ltr'><strong>Quaero</strong></span> <span class='ocrx_word' id='word_1_294' title='bbox 311 3981 424 4038; x_wconf 88' lang='lat' dir='ltr'><strong>ulterius</strong></span> <span class='ocrx_word' id='word_1_295' title='bbox 443 4002 476 4037; x_wconf 87' lang='lat' dir='ltr'><strong>an</strong></span> <span class='ocrx_word' id='word_1_296' title='bbox 494 3981 606 4057; x_wconf 81' lang='lat' dir='ltr'><strong>singulis</strong></span> <span class='ocrx_word' id='word_1_297' title='bbox 624 3985 653 4037; x_wconf 90' lang='lat' dir='ltr'><strong>iu</strong></span> <span class='ocrx_word' id='word_1_298' title='bbox 670 3982 749 4037; x_wconf 84' lang='lat' dir='ltr'><strong>nohis</strong></span> <span class='ocrx_word' id='word_1_299' title='bbox 768 3984 888 4059; x_wconf 89' lang='lat' dir='ltr'><strong>partibus</strong></span> <span class='ocrx_word' id='word_1_300' title='bbox 910 3983 1036 4059; x_wconf 84' lang='lat' dir='ltr'><strong>proprius</strong></span> <span class='ocrx_word' id='word_1_301' title='bbox 1055 3981 1167 4039; x_wconf 89' lang='lat' dir='ltr'><strong>daemon</strong></span> <span class='ocrx_word' id='word_1_302' title='bbox 1185 3986 1224 4044; x_wconf 78' lang='grc'><strong>42</strong></span> 
     </span>
     <span class='ocr_line' id='line_1_36' title="bbox 113 4066 1166 4148; baseline -0.002 -22"><span class='ocrx_word' id='word_1_303' title='bbox 113 4070 303 4148; x_wconf 76' lang='lat' dir='ltr'><strong>praeficiatur?</strong></span> <span class='ocrx_word' id='word_1_304' title='bbox 328 4068 435 4127; x_wconf 83' lang='lat' dir='ltr'><strong>videtur</strong></span> <span class='ocrx_word' id='word_1_305' title='bbox 448 4070 517 4126; x_wconf 92' lang='lat' dir='ltr'><strong>enim</strong></span> <span class='ocrx_word' id='word_1_306' title='bbox 530 4088 599 4127; x_wconf 78' lang='lat' dir='ltr'><strong>unus</strong></span> <span class='ocrx_word' id='word_1_307' title='bbox 611 4071 758 4136; x_wconf 79' lang='lat' dir='ltr'><strong>sanitatem,</strong></span> <span class='ocrx_word' id='word_1_308' title='bbox 771 4068 840 4126; x_wconf 84' lang='lat' dir='ltr'><strong>alius</strong></span> <span class='ocrx_word' id='word_1_309' title='bbox 851 4066 1085 4148; x_wconf 79' lang='lat' dir='ltr'><strong>pulchritudinem</strong></span> <span class='ocrx_word' id='word_1_310' title='bbox 1098 4066 1166 4124; x_wconf 86' lang='lat' dir='ltr'><strong>alius</strong></span> 
     </span>
     <span class='ocr_line' id='line_1_37' title="bbox 114 4154 1166 4234; baseline -0.004 -20"><span class='ocrx_word' id='word_1_311' title='bbox 114 4158 247 4234; x_wconf 79' lang='lat' dir='ltr'><strong>quendam</strong></span> <span class='ocrx_word' id='word_1_312' title='bbox 265 4161 293 4213; x_wconf 94' lang='lat' dir='ltr'><strong>in</strong></span> <span class='ocrx_word' id='word_1_313' title='bbox 316 4156 359 4213; x_wconf 85' lang='lat' dir='ltr'><strong>his</strong></span> <span class='ocrx_word' id='word_1_314' title='bbox 376 4157 497 4213; x_wconf 88' lang='lat' dir='ltr'><strong>habitum</strong></span> <span class='ocrx_word' id='word_1_315' title='bbox 515 4178 682 4226; x_wconf 82' lang='lat' dir='ltr'><strong>conservare,</strong></span> <span class='ocrx_word' id='word_1_316' title='bbox 705 4167 732 4213; x_wconf 87' lang='lat' dir='ltr'><strong>et</strong></span> <span class='ocrx_word' id='word_1_317' title='bbox 754 4158 862 4214; x_wconf 84' lang='lat' dir='ltr'><strong>taudem</strong></span> <span class='ocrx_word' id='word_1_318' title='bbox 884 4157 927 4213; x_wconf 83' lang='lat' dir='ltr'><strong>his</strong></span> <span class='ocrx_word' id='word_1_319' title='bbox 952 4156 1075 4212; x_wconf 85' lang='lat' dir='ltr'><strong>omnibus</strong></span> <span class='ocrx_word' id='word_1_320' title='bbox 1098 4154 1166 4211; x_wconf 85' lang='lat' dir='ltr'><strong>alius</strong></span> 
     </span>
     <span class='ocr_line' id='line_1_38' title="bbox 113 4245 564 4324; baseline 0.002 -22"><span class='ocrx_word' id='word_1_321' title='bbox 113 4245 221 4322; x_wconf 88' lang='lat' dir='ltr'><strong>quidem</strong></span> <span class='ocrx_word' id='word_1_322' title='bbox 239 4249 415 4303; x_wconf 88' lang='lat' dir='ltr'><strong>communiter</strong></span> <span class='ocrx_word' id='word_1_323' title='bbox 431 4266 564 4324; x_wconf 84' lang='lat' dir='ltr'><strong>praeesse.</strong></span> 
     </span>
    </p>
   </div>
   <div class='ocr_carea' id='block_1_6' title="bbox 0 0 1392 4876">
    <p class='ocr_par' dir='ltr' id='par_1_9' title="bbox 0 0 1392 4876">
     <span class='ocr_line' id='line_1_39' title="bbox 0 0 1392 4876; baseline 0 0"><span class='ocrx_word' id='word_1_324' title='bbox 0 0 1392 4876; x_wconf 95' lang='lat' dir='ltr'><strong> </strong></span> 
     </span>
    </p>
   </div>
  </div>
 </body>
</html>
