<?xml version="1.0" encoding="UTF-8"?>
<!DOCTYPE html PUBLIC "-//W3C//DTD XHTML 1.0 Transitional//EN"
    "http://www.w3.org/TR/xhtml1/DTD/xhtml1-transitional.dtd">
<html xmlns="http://www.w3.org/1999/xhtml" xml:lang="en" lang="en">
 <head>
  <title>
</title>
<meta http-equiv="Content-Type" content="text/html;charset=utf-8" />
  <meta name='ocr-system' content='tesseract 3.04.00' />
  <meta name='ocr-capabilities' content='ocr_page ocr_carea ocr_par ocr_line ocrx_word'/>
</head>
<body>
  <div class='ocr_page' id='page_1' title='image "./jamblichidemyst00jambgoog_0200.png"; bbox 0 0 2776 4876; ppageno 0'>
   <div class='ocr_carea' id='block_1_1' title="bbox 204 365 1260 429">
    <p class='ocr_par' dir='ltr' id='par_1_1' title="bbox 204 365 1260 429">
     <span class='ocr_line' id='line_1_1' title="bbox 204 365 1260 429; baseline 0.006 -11"><span class='ocrx_word' id='word_1_1' title='bbox 204 365 231 429; x_wconf 67' lang='grc' dir='ltr'><strong><em>λ,</em></strong></span> <span class='ocrx_word' id='word_1_2' title='bbox 244 366 277 418; x_wconf 85' lang='lat'><strong><em>10</em></strong></span> <span class='ocrx_word' id='word_1_3' title='bbox 1226 370 1260 424; x_wconf 80' lang='lat' dir='ltr'><strong><em>el</em></strong></span> 
     </span>
    </p>
   </div>
   <div class='ocr_carea' id='block_1_2' title="bbox 206 489 1262 610">
    <p class='ocr_par' dir='ltr' id='par_1_2' title="bbox 206 489 1262 610">
     <span class='ocr_line' id='line_1_2' title="bbox 206 489 1262 610; baseline 0.005 -23"><span class='ocrx_word' id='word_1_4' title='bbox 206 515 340 597; x_wconf 78' lang='grc' dir='ltr'><strong><em>οὐδενὸς</em></strong></span> <span class='ocrx_word' id='word_1_5' title='bbox 361 520 456 600; x_wconf 78' lang='grc' dir='ltr'><strong><em>ἐνδεῆ</em></strong></span> <span class='ocrx_word' id='word_1_6' title='bbox 478 515 538 585; x_wconf 85' lang='grc' dir='ltr'><strong><em>τόν</em></strong></span> <span class='ocrx_word' id='word_1_7' title='bbox 559 518 646 586; x_wconf 74' lang='grc' dir='ltr'><strong><em>θεόν</em></strong></span> <span class='ocrx_word' id='word_1_8' title='bbox 669 544 780 610; x_wconf 82' lang='grc' dir='ltr'><strong><em>φαμεν</em></strong></span> <span class='ocrx_word' id='word_1_9' title='bbox 803 489 886 586; x_wconf 81' lang='grc' dir='ltr'><strong><em>εἶναι</em></strong></span> <span class='ocrx_word' id='word_1_10' title='bbox 907 519 1046 600; x_wconf 79' lang='grc' dir='ltr'><em>κάλλους</em></span> <span class='ocrx_word' id='word_1_11' title='bbox 1076 523 1150 592; x_wconf 74' lang='grc' dir='ltr'><strong><em>οὐδὲ</em></strong></span> <span class='ocrx_word' id='word_1_12' title='bbox 1173 549 1262 604; x_wconf 86' lang='grc' dir='ltr'><strong><em>τινος</em></strong></span> 
     </span>
    </p>
   </div>
   <div class='ocr_carea' id='block_1_3' title="bbox 156 625 1351 2387">
    <p class='ocr_par' dir='ltr' id='par_1_3' title="bbox 206 625 1262 721">
     <span class='ocr_line' id='line_1_3' title="bbox 206 625 1262 721; baseline 0.007 -25"><span class='ocrx_word' id='word_1_13' title='bbox 206 629 335 718; x_wconf 80' lang='grc' dir='ltr'><strong><em>ἀρετῆς,</em></strong></span> <span class='ocrx_word' id='word_1_14' title='bbox 355 625 399 710; x_wconf 79' lang='grc' dir='ltr'><strong><em>ἢν</em></strong></span> <span class='ocrx_word' id='word_1_15' title='bbox 422 625 495 696; x_wconf 82' lang='grc' dir='ltr'><strong><em>ολόν</em></strong></span> <span class='ocrx_word' id='word_1_16' title='bbox 517 629 546 695; x_wconf 85' lang='grc' dir='ltr'><strong><em>τ’</em></strong></span> <span class='ocrx_word' id='word_1_17' title='bbox 562 634 631 697; x_wconf 80' lang='grc' dir='ltr'><strong><em>ἐστὶ</em></strong></span> <span class='ocrx_word' id='word_1_18' title='bbox 654 625 834 716; x_wconf 77' lang='grc' dir='ltr'><strong><em>διαλόγων</em></strong></span> <span class='ocrx_word' id='word_1_19' title='bbox 853 630 1167 721; x_wconf 77' lang='grc' dir='ltr'><strong><em>αὐτῷπροσδεῖναι.</em></strong></span> <span class='ocrx_word' id='word_1_20' title='bbox 1206 642 1262 704; x_wconf 87' lang='grc' dir='ltr'><strong><em>καὶ</em></strong></span> 
     </span>
    </p>

    <p class='ocr_par' dir='ltr' id='par_1_4' title="bbox 171 734 1313 1274">
     <span class='ocr_line' id='line_1_4' title="bbox 171 734 1261 834; baseline 0.005 -26"><span class='ocrx_word' id='word_1_21' title='bbox 171 756 187 808; x_wconf 85' lang='grc'>3</span> <span class='ocrx_word' id='word_1_22' title='bbox 206 737 274 828; x_wconf 80' lang='grc' dir='ltr'><strong><em>μὴν</em></strong></span> <span class='ocrx_word' id='word_1_23' title='bbox 296 744 333 809; x_wconf 85' lang='grc' dir='ltr'><strong><em>οί</em></strong></span> <span class='ocrx_word' id='word_1_24' title='bbox 351 763 388 825; x_wconf 82' lang='grc' dir='ltr'><strong><em>γε</em></strong></span> <span class='ocrx_word' id='word_1_25' title='bbox 410 734 543 825; x_wconf 78' lang='grc' dir='ltr'><strong><em>όίμμελοι</em></strong></span> <span class='ocrx_word' id='word_1_26' title='bbox 565 744 620 808; x_wconf 84' lang='grc' dir='ltr'><strong><em>καὶ</em></strong></span> <span class='ocrx_word' id='word_1_27' title='bbox 643 743 799 826; x_wconf 87' lang='grc' dir='ltr'><strong><em>δαίμονες</em></strong></span> <span class='ocrx_word' id='word_1_28' title='bbox 822 739 889 808; x_wconf 80' lang='grc' dir='ltr'><strong><em>ἀπὸ</em></strong></span> <span class='ocrx_word' id='word_1_29' title='bbox 905 746 996 810; x_wconf 77' lang='grc' dir='ltr'><strong><em>θεῶν</em></strong></span> <span class='ocrx_word' id='word_1_30' title='bbox 1019 744 1070 812; x_wconf 83' lang='grc' dir='ltr'><strong><em>ἀεὶ</em></strong></span> <span class='ocrx_word' id='word_1_31' title='bbox 1083 750 1261 834; x_wconf 86' lang='grc' dir='ltr'><strong><em>παραλαμ·</em></strong></span> 
     </span>
     <span class='ocr_line' id='line_1_5' title="bbox 205 846 1261 946; baseline 0.007 -29"><span class='ocrx_word' id='word_1_32' title='bbox 205 848 347 936; x_wconf 80' lang='grc' dir='ltr'><strong><em>βαίνουσι</em></strong></span> <span class='ocrx_word' id='word_1_33' title='bbox 368 846 430 931; x_wconf 76' lang='grc' dir='ltr'><strong><em>τὴν</em></strong></span> <span class='ocrx_word' id='word_1_34' title='bbox 445 849 627 932; x_wconf 74' lang='grc' dir='ltr'><strong><em>ἀλήθειαν·</em></strong></span> <span class='ocrx_word' id='word_1_35' title='bbox 651 849 733 920; x_wconf 82' lang='grc' dir='ltr'><strong><em>ὥστε</em></strong></span> <span class='ocrx_word' id='word_1_36' title='bbox 749 852 845 920; x_wconf 79' lang='grc' dir='ltr'><strong><em>οὐδὲν</em></strong></span> <span class='ocrx_word' id='word_1_37' title='bbox 859 853 1014 921; x_wconf 79' lang='grc' dir='ltr'><strong><em>οὐδέποτε</em></strong></span> <span class='ocrx_word' id='word_1_38' title='bbox 1029 853 1122 946; x_wconf 79' lang='grc' dir='ltr'><strong><em>παρὰ</em></strong></span> <span class='ocrx_word' id='word_1_39' title='bbox 1137 855 1261 938; x_wconf 83' lang='grc' dir='ltr'><strong><em>ταύτην</em></strong></span> 
     </span>
     <span class='ocr_line' id='line_1_6' title="bbox 207 957 1262 1055; baseline 0.005 -27"><span class='ocrx_word' id='word_1_40' title='bbox 207 965 337 1046; x_wconf 74' lang='grc' dir='ltr'><strong><em>λέγουσι</em></strong></span> <span class='ocrx_word' id='word_1_41' title='bbox 365 965 479 1029; x_wconf 78' lang='grc' dir='ltr'><strong><em>τέλειοι</em></strong></span> <span class='ocrx_word' id='word_1_42' title='bbox 510 957 602 1040; x_wconf 84' lang='grc' dir='ltr'><strong><em>ὄντες</em></strong></span> <span class='ocrx_word' id='word_1_43' title='bbox 630 957 717 1028; x_wconf 76' lang='grc' dir='ltr'><strong><em>κατὰ</em></strong></span> <span class='ocrx_word' id='word_1_44' title='bbox 744 960 805 1045; x_wconf 76' lang='grc' dir='ltr'><strong><em>τὴν</em></strong></span> <span class='ocrx_word' id='word_1_45' title='bbox 834 964 939 1046; x_wconf 73' lang='grc' dir='ltr'><strong><em>αὐτήν</em></strong></span> <span class='ocrx_word' id='word_1_46' title='bbox 969 968 1086 1035; x_wconf 80' lang='grc' dir='ltr'><strong><em>οὐσίαν</em></strong></span> <span class='ocrx_word' id='word_1_47' title='bbox 1108 965 1262 1055; x_wconf 76' lang='grc' dir='ltr'><em>ἑκάτεροι,</em></span> 
     </span>
     <span class='ocr_line' id='line_1_7' title="bbox 172 1072 1313 1167; baseline 0.004 -26"><span class='ocrx_word' id='word_1_48' title='bbox 172 1073 283 1146; x_wconf 73' lang='lat' dir='ltr'><strong>aeddi</strong></span> <span class='ocrx_word' id='word_1_49' title='bbox 305 1072 388 1160; x_wconf 79' lang='grc' dir='ltr'><strong><em>αὐτῇ</em></strong></span> <span class='ocrx_word' id='word_1_50' title='bbox 409 1075 611 1160; x_wconf 75' lang='grc' dir='ltr'><strong><em>προσθεῖναι</em></strong></span> <span class='ocrx_word' id='word_1_51' title='bbox 633 1077 746 1141; x_wconf 89' lang='grc' dir='ltr'><strong><em>πλεῖον</em></strong></span> <span class='ocrx_word' id='word_1_52' title='bbox 769 1081 813 1154; x_wconf 85' lang='grc' dir='ltr'><strong><em>είς</em></strong></span> <span class='ocrx_word' id='word_1_53' title='bbox 835 1077 1032 1164; x_wconf 84' lang='grc' dir='ltr'><strong><em>δοξολογίαν</em></strong></span> <span class='ocrx_word' id='word_1_54' title='bbox 1054 1076 1220 1145; x_wconf 77' lang='grc' dir='ltr'><strong><em>δύνανται.</em></strong></span> <span class='ocrx_word' id='word_1_55' title='bbox 1308 1151 1313 1167; x_wconf 78' lang='lat'>.</span> 
     </span>
     <span class='ocr_line' id='line_1_8' title="bbox 296 1176 1261 1274; baseline 0.006 -24"><span class='ocrx_word' id='word_1_56' title='bbox 296 1182 390 1250; x_wconf 84' lang='grc' dir='ltr'><strong><em>Πότε</em></strong></span> <span class='ocrx_word' id='word_1_57' title='bbox 404 1176 473 1251; x_wconf 84' lang='grc' dir='ltr'><strong><em>οὖν</em></strong></span> <span class='ocrx_word' id='word_1_58' title='bbox 495 1187 669 1269; x_wconf 76' lang='grc' dir='ltr'><strong><em>συμβαίνει</em></strong></span> <span class='ocrx_word' id='word_1_59' title='bbox 690 1182 728 1252; x_wconf 84' lang='grc' dir='ltr'><strong><em>τό</em></strong></span> <span class='ocrx_word' id='word_1_60' title='bbox 752 1185 928 1274; x_wconf 81' lang='grc' dir='ltr'><strong><em>λεγόμενον</em></strong></span> <span class='ocrx_word' id='word_1_61' title='bbox 957 1183 1021 1256; x_wconf 83' lang='grc' dir='ltr'><strong><em>ὑπὸ</em></strong></span> <span class='ocrx_word' id='word_1_62' title='bbox 1050 1192 1112 1256; x_wconf 85' lang='grc' dir='ltr'><strong><em>σοῦ</em></strong></span> <span class='ocrx_word' id='word_1_63' title='bbox 1134 1189 1261 1270; x_wconf 69' lang='grc' dir='ltr'><strong><em>ἀπατηὶ</em></strong></span> 
     </span>
    </p>

    <p class='ocr_par' dir='ltr' id='par_1_5' title="bbox 208 1292 1263 1389">
     <span class='ocr_line' id='line_1_9' title="bbox 208 1292 1263 1389; baseline 0.005 -27"><span class='ocrx_word' id='word_1_64' title='bbox 208 1293 276 1376; x_wconf 90' lang='grc' dir='ltr'><strong><em>λόν,</em></strong></span> <span class='ocrx_word' id='word_1_65' title='bbox 298 1292 338 1362; x_wconf 84' lang='grc' dir='ltr'><strong><em>τό</em></strong></span> <span class='ocrx_word' id='word_1_66' title='bbox 361 1300 420 1377; x_wconf 80' lang='grc' dir='ltr'><strong><em>τῆς</em></strong></span> <span class='ocrx_word' id='word_1_67' title='bbox 441 1300 728 1384; x_wconf 72' lang='grc' dir='ltr'><strong><em>περιαυτολογίαςς</em></strong></span> <span class='ocrx_word' id='word_1_68' title='bbox 751 1298 849 1378; x_wconf 79' lang='grc' dir='ltr'><strong><em>ἡνίκα</em></strong></span> <span class='ocrx_word' id='word_1_69' title='bbox 871 1294 914 1367; x_wconf 75' lang='grc' dir='ltr'><strong><em>όν</em></strong></span> <span class='ocrx_word' id='word_1_70' title='bbox 936 1299 1119 1389; x_wconf 74' lang='grc' dir='ltr'><strong><em>ἁμάρτημά</em></strong></span> <span class='ocrx_word' id='word_1_71' title='bbox 1134 1326 1166 1366; x_wconf 94' lang='grc' dir='ltr'><strong><em>τι</em></strong></span> <span class='ocrx_word' id='word_1_72' title='bbox 1181 1323 1263 1387; x_wconf 87' lang='grc' dir='ltr'><strong><em>συμ-</em></strong></span> 
     </span>
    </p>

    <p class='ocr_par' dir='ltr' id='par_1_6' title="bbox 156 1403 1351 2387">
     <span class='ocr_line' id='line_1_10' title="bbox 173 1403 1262 1499; baseline 0.005 -26"><span class='ocrx_word' id='word_1_73' title='bbox 173 1423 189 1473; x_wconf 78' lang='lat' dir='ltr'><strong>t</strong></span> <span class='ocrx_word' id='word_1_74' title='bbox 206 1409 307 1499; x_wconf 75' lang='grc' dir='ltr'><strong><em>βαίνῃ</em></strong></span> <span class='ocrx_word' id='word_1_75' title='bbox 328 1411 402 1494; x_wconf 83' lang='grc' dir='ltr'><strong><em>περὶ</em></strong></span> <span class='ocrx_word' id='word_1_76' title='bbox 424 1403 484 1488; x_wconf 79' lang='grc' dir='ltr'><strong><em>τὴν</em></strong></span> <span class='ocrx_word' id='word_1_77' title='bbox 508 1403 708 1495; x_wconf 78' lang='grc' dir='ltr'><strong><em>θεουργικὴν</em></strong></span> <span class='ocrx_word' id='word_1_78' title='bbox 728 1414 853 1496; x_wconf 76' lang='grc' dir='ltr'><strong><em>τέχνην,</em></strong></span> <span class='ocrx_word' id='word_1_79' title='bbox 876 1406 991 1498; x_wconf 75' lang='grc' dir='ltr'><strong><em>καὶμὴ</em></strong></span> <span class='ocrx_word' id='word_1_80' title='bbox 1007 1409 1063 1478; x_wconf 77' lang='lat' dir='ltr'><strong><em>olo</em></strong></span> <span class='ocrx_word' id='word_1_81' title='bbox 1080 1413 1129 1478; x_wconf 89' lang='grc' dir='ltr'><strong><em>δεῖ</em></strong></span> <span class='ocrx_word' id='word_1_82' title='bbox 1145 1407 1187 1477; x_wconf 77' lang='grc' dir='ltr'><strong><em>τοί</em></strong></span> <span class='ocrx_word' id='word_1_83' title='bbox 1203 1411 1262 1478; x_wconf 82' lang='grc' dir='ltr'><strong><em>αό-</em></strong></span> 
     </span>
     <span class='ocr_line' id='line_1_11' title="bbox 207 1514 1262 1615; baseline 0.006 -31"><span class='ocrx_word' id='word_1_84' title='bbox 207 1514 346 1586; x_wconf 77' lang='grc' dir='ltr'><strong><em>τοπτικοί</em></strong></span> <span class='ocrx_word' id='word_1_85' title='bbox 360 1515 539 1603; x_wconf 78' lang='grc' dir='ltr'><strong><em>ἀγάλματα</em></strong></span> <span class='ocrx_word' id='word_1_86' title='bbox 554 1516 627 1584; x_wconf 80' lang='grc' dir='ltr'><strong><em>ἀλλ’</em></strong></span> <span class='ocrx_word' id='word_1_87' title='bbox 642 1524 735 1606; x_wconf 72' lang='grc' dir='ltr'><strong><em>ἕτερα</em></strong></span> <span class='ocrx_word' id='word_1_88' title='bbox 751 1518 834 1586; x_wconf 74' lang='grc' dir='ltr'><strong><em>ἀνθ’</em></strong></span> <span class='ocrx_word' id='word_1_89' title='bbox 850 1527 968 1610; x_wconf 76' lang='grc' dir='ltr'><strong><em>ἑτέραν</em></strong></span> <span class='ocrx_word' id='word_1_90' title='bbox 983 1520 1171 1615; x_wconf 73' lang='grc' dir='ltr'><strong><em>ἀπαντήσῃ·</em></strong></span> <span class='ocrx_word' id='word_1_91' title='bbox 1187 1520 1262 1590; x_wconf 86' lang='grc' dir='ltr'><strong><em>τότε</em></strong></span> 
     </span>
     <span class='ocr_line' id='line_1_12' title="bbox 208 1624 1262 1723; baseline 0.004 -28"><span class='ocrx_word' id='word_1_92' title='bbox 208 1625 273 1717; x_wconf 77' lang='grc' dir='ltr'><strong><em>γὰρ</em></strong></span> <span class='ocrx_word' id='word_1_93' title='bbox 295 1628 504 1715; x_wconf 73' lang='grc' dir='ltr'><strong><em>ὑποδυόμενα</em></strong></span> <span class='ocrx_word' id='word_1_94' title='bbox 526 1624 569 1695; x_wconf 75' lang='grc' dir='ltr'><strong><em>τοί</em></strong></span> <span class='ocrx_word' id='word_1_95' title='bbox 590 1631 828 1718; x_wconf 82' lang='grc' dir='ltr'><strong><em>καταδεέστερα</em></strong></span> <span class='ocrx_word' id='word_1_96' title='bbox 850 1628 889 1698; x_wconf 83' lang='grc' dir='ltr'><strong><em>τὸ</em></strong></span> <span class='ocrx_word' id='word_1_97' title='bbox 904 1637 970 1699; x_wconf 83' lang='grc' dir='ltr'><strong><em>τῶν</em></strong></span> <span class='ocrx_word' id='word_1_98' title='bbox 985 1639 1188 1723; x_wconf 79' lang='grc' dir='ltr'><strong><em>σεμνοτέρων</em></strong></span> <span class='ocrx_word' id='word_1_99' title='bbox 1204 1633 1262 1699; x_wconf 81' lang='grc' dir='ltr'><strong><em>τό·</em></strong></span> 
     </span>
     <span class='ocr_line' id='line_1_13' title="bbox 156 1738 1264 1835; baseline 0.001 -24"><span class='ocrx_word' id='word_1_100' title='bbox 156 1760 191 1811; x_wconf 83' lang='lat'><strong><em>12</em></strong></span> <span class='ocrx_word' id='word_1_101' title='bbox 209 1740 290 1822; x_wconf 83' lang='grc' dir='ltr'><strong><em>ξεων</em></strong></span> <span class='ocrx_word' id='word_1_102' title='bbox 304 1744 424 1828; x_wconf 85' lang='grc' dir='ltr'><strong><em>σχῆμα,</em></strong></span> <span class='ocrx_word' id='word_1_103' title='bbox 445 1753 675 1829; x_wconf 80' lang='grc' dir='ltr'><strong><em>προσποιεῖται</em></strong></span> <span class='ocrx_word' id='word_1_104' title='bbox 690 1747 794 1808; x_wconf 82' lang='grc' dir='ltr'><strong><em>λκεῖνο</em></strong></span> <span class='ocrx_word' id='word_1_105' title='bbox 811 1738 894 1809; x_wconf 81' lang='grc' dir='ltr'><strong><em>εἶναι</em></strong></span> <span class='ocrx_word' id='word_1_106' title='bbox 909 1739 990 1835; x_wconf 86' lang='grc' dir='ltr'><strong><em>ὅπερ</em></strong></span> <span class='ocrx_word' id='word_1_107' title='bbox 1004 1743 1189 1823; x_wconf 81' lang='grc' dir='ltr'><strong><em>ὑποδέδυκε,</em></strong></span> <span class='ocrx_word' id='word_1_108' title='bbox 1207 1749 1264 1812; x_wconf 82' lang='grc' dir='ltr'><strong><em>καὶ</em></strong></span> 
     </span>
     <span class='ocr_line' id='line_1_14' title="bbox 209 1849 1351 1944; baseline 0.004 -26"><span class='ocrx_word' id='word_1_109' title='bbox 209 1855 362 1920; x_wconf 77' lang='grc' dir='ltr'><strong><em>λνταῦδα</em></strong></span> <span class='ocrx_word' id='word_1_110' title='bbox 383 1849 548 1932; x_wconf 82' lang='grc' dir='ltr'><strong><em>ἀλαζόνας</em></strong></span> <span class='ocrx_word' id='word_1_111' title='bbox 562 1857 713 1940; x_wconf 83' lang='grc' dir='ltr'><strong><em>προίεται</em></strong></span> <span class='ocrx_word' id='word_1_112' title='bbox 726 1849 845 1938; x_wconf 74' lang='grc' dir='ltr'><strong><em>λόγους</em></strong></span> <span class='ocrx_word' id='word_1_113' title='bbox 859 1857 915 1920; x_wconf 88' lang='grc' dir='ltr'><strong><em>καὶ</em></strong></span> <span class='ocrx_word' id='word_1_114' title='bbox 929 1856 1082 1940; x_wconf 85' lang='grc' dir='ltr'><strong><em>μείζονας</em></strong></span> <span class='ocrx_word' id='word_1_115' title='bbox 1102 1858 1162 1937; x_wconf 84' lang='grc' dir='ltr'><strong><em>τῆς</em></strong></span> <span class='ocrx_word' id='word_1_116' title='bbox 1176 1881 1262 1944; x_wconf 84' lang='grc' dir='ltr'><strong><em>παρ·</em></strong></span> <span class='ocrx_word' id='word_1_117' title='bbox 1347 1884 1351 1889; x_wconf 96' lang='grc'><strong><em>·</em></strong></span> 
     </span>
     <span class='ocr_line' id='line_1_15' title="bbox 211 1953 1343 2055; baseline 0.004 -26"><span class='ocrx_word' id='word_1_118' title='bbox 211 1959 311 2044; x_wconf 86' lang='grc' dir='ltr'><strong><em>οόσης</em></strong></span> <span class='ocrx_word' id='word_1_119' title='bbox 344 1963 459 2041; x_wconf 81' lang='grc' dir='ltr'><strong><em>αὐτοῖς</em></strong></span> <span class='ocrx_word' id='word_1_120' title='bbox 490 1960 667 2049; x_wconf 78' lang='grc' dir='ltr'><strong><em>δυνάμεως.</em></strong></span> <span class='ocrx_word' id='word_1_121' title='bbox 719 1961 776 2030; x_wconf 85' lang='grc' dir='ltr'><strong><em>όίτε</em></strong></span> <span class='ocrx_word' id='word_1_122' title='bbox 812 1961 876 2052; x_wconf 74' lang='grc' dir='ltr'><strong><em>γὰρ</em></strong></span> <span class='ocrx_word' id='word_1_123' title='bbox 906 1965 1012 2053; x_wconf 75' lang='grc' dir='ltr'><strong><em>οἶμαι,</em></strong></span> <span class='ocrx_word' id='word_1_124' title='bbox 1046 1969 1106 2048; x_wconf 81' lang='grc' dir='ltr'><strong><em>τῆς</em></strong></span> <span class='ocrx_word' id='word_1_125' title='bbox 1134 1965 1264 2055; x_wconf 79' lang='grc' dir='ltr'><strong><em>πρώτης</em></strong></span> <span class='ocrx_word' id='word_1_126' title='bbox 1342 1953 1343 1957; x_wconf 20' lang='lat'>¹</span> 
     </span>
     <span class='ocr_line' id='line_1_16' title="bbox 157 2072 1265 2166; baseline 0.004 -26"><span class='ocrx_word' id='word_1_127' title='bbox 157 2097 192 2148; x_wconf 68' lang='grc' dir='ltr'><strong><em>νε</em></strong></span> <span class='ocrx_word' id='word_1_128' title='bbox 210 2072 314 2162; x_wconf 82' lang='grc' dir='ltr'><strong><em>ἀρχῆς</em></strong></span> <span class='ocrx_word' id='word_1_129' title='bbox 338 2072 495 2160; x_wconf 76' lang='grc' dir='ltr'><strong><em>κιβδήλου</em></strong></span> <span class='ocrx_word' id='word_1_130' title='bbox 522 2080 783 2164; x_wconf 77' lang='grc' dir='ltr'><strong><em>παραιρουμένης</em></strong></span> <span class='ocrx_word' id='word_1_131' title='bbox 811 2072 896 2143; x_wconf 78' lang='grc' dir='ltr'><strong><em>πολι)</em></strong></span> <span class='ocrx_word' id='word_1_132' title='bbox 923 2074 962 2143; x_wconf 90' lang='grc' dir='ltr'><strong><em>τὸ</em></strong></span> <span class='ocrx_word' id='word_1_133' title='bbox 991 2080 1115 2166; x_wconf 79' lang='grc' dir='ltr'><strong><em>ψεῦδος</em></strong></span> <span class='ocrx_word' id='word_1_134' title='bbox 1143 2085 1178 2144; x_wconf 74' lang='grc' dir='ltr'><strong><em>ἐκ</em></strong></span> <span class='ocrx_word' id='word_1_135' title='bbox 1205 2080 1265 2160; x_wconf 79' lang='grc' dir='ltr'><strong><em>τῆς</em></strong></span> 
     </span>
     <span class='ocr_line' id='line_1_17' title="bbox 210 2181 1264 2276; baseline 0.005 -25"><span class='ocrx_word' id='word_1_136' title='bbox 210 2189 427 2276; x_wconf 81' lang='grc' dir='ltr'><strong><em>παρατροπῆς</em></strong></span> <span class='ocrx_word' id='word_1_137' title='bbox 449 2193 580 2274; x_wconf 75' lang='grc' dir='ltr'><strong><em>ἐπιρρεῖ,</em></strong></span> <span class='ocrx_word' id='word_1_138' title='bbox 604 2183 623 2251; x_wconf 85' lang='grc' dir='ltr'>ὃ</span> <span class='ocrx_word' id='word_1_139' title='bbox 646 2181 687 2266; x_wconf 73' lang='grc' dir='ltr'><strong><em>δὴ</em></strong></span> <span class='ocrx_word' id='word_1_140' title='bbox 710 2188 760 2252; x_wconf 84' lang='grc' dir='ltr'><strong><em>δεῖ</em></strong></span> <span class='ocrx_word' id='word_1_141' title='bbox 773 2183 850 2266; x_wconf 79' lang='grc' dir='ltr'><strong><em>τοὺς</em></strong></span> <span class='ocrx_word' id='word_1_142' title='bbox 863 2193 970 2275; x_wconf 81' lang='grc' dir='ltr'><strong><em>ίερέας</em></strong></span> <span class='ocrx_word' id='word_1_143' title='bbox 984 2187 1264 2275; x_wconf 78' lang='grc' dir='ltr'><strong><em>καταμανθάνειν</em></strong></span> 
     </span>
     <span class='ocr_line' id='line_1_18' title="bbox 210 2291 1265 2387; baseline 0.003 -24"><span class='ocrx_word' id='word_1_144' title='bbox 210 2291 278 2364; x_wconf 84' lang='grc' dir='ltr'><strong><em>ἀπὸ</em></strong></span> <span class='ocrx_word' id='word_1_145' title='bbox 300 2298 360 2377; x_wconf 80' lang='grc' dir='ltr'><strong><em>τῆς</em></strong></span> <span class='ocrx_word' id='word_1_146' title='bbox 382 2295 462 2378; x_wconf 84' lang='grc' dir='ltr'><strong><em>ὅλης</em></strong></span> <span class='ocrx_word' id='word_1_147' title='bbox 484 2295 605 2377; x_wconf 78' lang='grc' dir='ltr'><strong><em>τάξεως</em></strong></span> <span class='ocrx_word' id='word_1_148' title='bbox 627 2304 664 2363; x_wconf 76' lang='grc' dir='ltr'><strong><em>ἐν</em></strong></span> <span class='ocrx_word' id='word_1_149' title='bbox 685 2308 756 2376; x_wconf 85' lang='grc' dir='ltr'><strong><em>τοῖς</em></strong></span> <span class='ocrx_word' id='word_1_150' title='bbox 775 2294 958 2387; x_wconf 77' lang='grc' dir='ltr'><strong><em>φάσμασιν,</em></strong></span> <span class='ocrx_word' id='word_1_151' title='bbox 982 2295 1024 2380; x_wconf 77' lang='grc' dir='ltr'><strong><em>ἢν</em></strong></span> <span class='ocrx_word' id='word_1_152' title='bbox 1040 2292 1075 2366; x_wconf 82' lang='grc' dir='ltr'><strong><em>εὖ</em></strong></span> <span class='ocrx_word' id='word_1_153' title='bbox 1090 2303 1265 2386; x_wconf 79' lang='grc' dir='ltr'><strong><em>τηροῦντες</em></strong></span> 
     </span>
    </p>
   </div>
   <div class='ocr_carea' id='block_1_4' title="bbox 229 2488 1266 3081">
    <p class='ocr_par' dir='ltr' id='par_1_7' title="bbox 281 2488 1265 2910">
     <span class='ocr_line' id='line_1_19' title="bbox 283 2488 1265 2560; baseline 0 -17"><span class='ocrx_word' id='word_1_154' title='bbox 283 2494 307 2543; x_wconf 89' lang='grc'><strong><em>1.</em></strong></span> <span class='ocrx_word' id='word_1_155' title='bbox 334 2494 419 2545; x_wconf 79' lang='grc' dir='ltr'><strong><em>ίνδεῖα</em></strong></span> <span class='ocrx_word' id='word_1_156' title='bbox 437 2495 475 2555; x_wconf 82' lang='grc' dir='ltr'><strong><em>Α,</em></strong></span> <span class='ocrx_word' id='word_1_157' title='bbox 502 2493 576 2559; x_wconf 69' lang='grc' dir='ltr'><strong><em>ἐνδεῷ</em></strong></span> <span class='ocrx_word' id='word_1_158' title='bbox 594 2492 631 2555; x_wconf 90' lang='grc' dir='ltr'><strong><em>Β,</em></strong></span> <span class='ocrx_word' id='word_1_159' title='bbox 659 2490 737 2546; x_wconf 75' lang='grc' dir='ltr'><strong><em>ίνόεῖο</em></strong></span> <span class='ocrx_word' id='word_1_160' title='bbox 750 2493 784 2542; x_wconf 90' lang='lat' dir='ltr'><strong><em>D.</em></strong></span> <span class='ocrx_word' id='word_1_161' title='bbox 910 2495 935 2545; x_wconf 83' lang='lat'><strong><em>2.</em></strong></span> <span class='ocrx_word' id='word_1_162' title='bbox 962 2488 1057 2560; x_wconf 76' lang='lat' dir='ltr'><strong><em>odsqll.</em></strong></span> <span class='ocrx_word' id='word_1_163' title='bbox 1075 2488 1160 2546; x_wconf 73' lang='grc' dir='ltr'><strong><em>αὗτοΐι</em></strong></span> <span class='ocrx_word' id='word_1_164' title='bbox 1184 2493 1265 2556; x_wconf 78' lang='lat' dir='ltr'><strong>acl),</strong></span> 
     </span>
     <span class='ocr_line' id='line_1_20' title="bbox 282 2571 1265 2650; baseline 0 -20"><span class='ocrx_word' id='word_1_165' title='bbox 282 2571 370 2631; x_wconf 71' lang='grc' dir='ltr'><strong><em>αὗτῖιν</em></strong></span> <span class='ocrx_word' id='word_1_166' title='bbox 386 2577 418 2632; x_wconf 90' lang='lat' dir='ltr'><strong><em>B.</em></strong></span> <span class='ocrx_word' id='word_1_167' title='bbox 491 2580 517 2632; x_wconf 84' lang='grc'><strong><em>3.</em></strong></span> <span class='ocrx_word' id='word_1_168' title='bbox 528 2580 554 2631; x_wconf 79' lang='grc'><strong><em>4.</em></strong></span> <span class='ocrx_word' id='word_1_169' title='bbox 581 2576 834 2650; x_wconf 73' lang='grc' dir='ltr'><strong><em>παραλαμβάνουσι]</em></strong></span> <span class='ocrx_word' id='word_1_170' title='bbox 852 2578 980 2641; x_wconf 66' lang='lat' dir='ltr'><strong>alcaeo,</strong></span> <span class='ocrx_word' id='word_1_171' title='bbox 999 2577 1218 2650; x_wconf 76' lang='grc' dir='ltr'><strong><em>προλαμβάνουσι</em></strong></span> <span class='ocrx_word' id='word_1_172' title='bbox 1231 2578 1265 2631; x_wconf 95' lang='grc'><strong><em>0.</em></strong></span> 
     </span>
     <span class='ocr_line' id='line_1_21' title="bbox 282 2658 1264 2735; baseline 0.001 -22"><span class='ocrx_word' id='word_1_173' title='bbox 282 2665 306 2715; x_wconf 87' lang='grc'><strong><em>5.</em></strong></span> <span class='ocrx_word' id='word_1_174' title='bbox 334 2667 494 2732; x_wconf 69' lang='lat' dir='ltr'><strong>postellam</strong></span> <span class='ocrx_word' id='word_1_175' title='bbox 513 2664 582 2717; x_wconf 77' lang='lat' dir='ltr'><strong>acl)</strong></span> <span class='ocrx_word' id='word_1_176' title='bbox 601 2666 751 2718; x_wconf 72' lang='lat' dir='ltr'><strong>addentes.</strong></span> <span class='ocrx_word' id='word_1_177' title='bbox 824 2666 848 2718; x_wconf 84' lang='lat' dir='ltr'><strong><em>li.</em></strong></span> <span class='ocrx_word' id='word_1_178' title='bbox 875 2660 950 2718; x_wconf 73' lang='grc' dir='ltr'><strong><em>οὐδὲν</em></strong></span> <span class='ocrx_word' id='word_1_179' title='bbox 970 2664 1026 2716; x_wconf 84' lang='lat' dir='ltr'><strong><em>AD.</em></strong></span> <span class='ocrx_word' id='word_1_180' title='bbox 1038 2658 1051 2732; x_wconf 76' lang='grc' dir='ltr'><strong><em>ΙΙ</em></strong></span> <span class='ocrx_word' id='word_1_181' title='bbox 1063 2662 1221 2735; x_wconf 60' lang='grc' dir='ltr'><strong><em>προσβῆναι</em></strong></span> <span class='ocrx_word' id='word_1_182' title='bbox 1235 2666 1264 2714; x_wconf 82' lang='grc' dir='ltr'><strong><em>Α.</em></strong></span> 
     </span>
     <span class='ocr_line' id='line_1_22' title="bbox 293 2743 1265 2824; baseline -0.003 -23"><span class='ocrx_word' id='word_1_183' title='bbox 293 2743 430 2816; x_wconf 77' lang='grc' dir='ltr'><strong><em>ΙΙδόνοντοιι</em></strong></span> <span class='ocrx_word' id='word_1_184' title='bbox 440 2749 472 2802; x_wconf 81' lang='grc' dir='ltr'><strong><em>Α.</em></strong></span> <span class='ocrx_word' id='word_1_185' title='bbox 523 2751 548 2802; x_wconf 86' lang='grc'><strong><em>8.</em></strong></span> <span class='ocrx_word' id='word_1_186' title='bbox 568 2749 721 2824; x_wconf 75' lang='grc' dir='ltr'><strong><em>ἁμόρτημίν</em></strong></span> <span class='ocrx_word' id='word_1_187' title='bbox 732 2772 759 2803; x_wconf 84' lang='grc' dir='ltr'><strong><em>τι</em></strong></span> <span class='ocrx_word' id='word_1_188' title='bbox 772 2751 804 2802; x_wconf 84' lang='grc'><strong><em>1).</em></strong></span> <span class='ocrx_word' id='word_1_189' title='bbox 849 2752 874 2804; x_wconf 86' lang='grc'><strong><em>8.</em></strong></span> <span class='ocrx_word' id='word_1_190' title='bbox 885 2752 909 2807; x_wconf 79' lang='grc'><strong><em>9.</em></strong></span> <span class='ocrx_word' id='word_1_191' title='bbox 927 2747 1072 2822; x_wconf 73' lang='grc' dir='ltr'><strong><em>συμβαίνῃ]</em></strong></span> <span class='ocrx_word' id='word_1_192' title='bbox 1084 2749 1265 2810; x_wconf 69' lang='lat' dir='ltr'><strong>devehamus,</strong></span> 
     </span>
     <span class='ocr_line' id='line_1_23' title="bbox 281 2835 1264 2910; baseline -0.001 -22"><span class='ocrx_word' id='word_1_193' title='bbox 281 2837 412 2904; x_wconf 66' lang='grc' dir='ltr'><strong><em>συμβαίνῃ</em></strong></span> <span class='ocrx_word' id='word_1_194' title='bbox 431 2835 511 2900; x_wconf 79' lang='lat' dir='ltr'><strong>Act),</strong></span> <span class='ocrx_word' id='word_1_195' title='bbox 530 2841 668 2908; x_wconf 78' lang='grc' dir='ltr'><strong><em>συμβαίνει</em></strong></span> <span class='ocrx_word' id='word_1_196' title='bbox 685 2837 718 2890; x_wconf 80' lang='lat' dir='ltr'><strong><em>O·</em></strong></span> <span class='ocrx_word' id='word_1_197' title='bbox 791 2839 815 2891; x_wconf 83' lang='grc'><strong><em>9.</em></strong></span> <span class='ocrx_word' id='word_1_198' title='bbox 830 2840 890 2910; x_wconf 78' lang='grc' dir='ltr'><strong><em>περί</em></strong></span> <span class='ocrx_word' id='word_1_199' title='bbox 906 2858 956 2889; x_wconf 90' lang='lat' dir='ltr'><strong><em>om.</em></strong></span> <span class='ocrx_word' id='word_1_200' title='bbox 974 2838 999 2887; x_wconf 89' lang='lat' dir='ltr'>D</span> <span class='ocrx_word' id='word_1_201' title='bbox 1016 2851 1040 2888; x_wconf 87' lang='lat' dir='ltr'><strong>et</strong></span> <span class='ocrx_word' id='word_1_202' title='bbox 1056 2838 1129 2890; x_wconf 83' lang='lat' dir='ltr'><strong>habet</strong></span> <span class='ocrx_word' id='word_1_203' title='bbox 1145 2836 1172 2888; x_wconf 87' lang='lat' dir='ltr'><strong>iu</strong></span> <span class='ocrx_word' id='word_1_204' title='bbox 1189 2856 1264 2902; x_wconf 73' lang='lat' dir='ltr'><strong>marg.</strong></span> 
     </span>
    </p>

    <p class='ocr_par' dir='ltr' id='par_1_8' title="bbox 229 2918 1266 3081">
     <span class='ocr_line' id='line_1_24' title="bbox 229 2918 1266 2994; baseline 0.003 -24"><span class='ocrx_word' id='word_1_205' title='bbox 229 2962 230 2965; x_wconf 66' lang='lat'>,</span> <span class='ocrx_word' id='word_1_206' title='bbox 281 2939 392 2989; x_wconf 67' lang='lat' dir='ltr'><strong>epam.</strong></span> <span class='ocrx_word' id='word_1_207' title='bbox 466 2924 508 2976; x_wconf 92' lang='grc'><strong><em>11.</em></strong></span> <span class='ocrx_word' id='word_1_208' title='bbox 535 2921 703 2994; x_wconf 81' lang='grc' dir='ltr'><strong><em>ὑπολυόμενα</em></strong></span> <span class='ocrx_word' id='word_1_209' title='bbox 721 2924 752 2975; x_wconf 94' lang='grc' dir='ltr'><strong><em>Β.</em></strong></span> <span class='ocrx_word' id='word_1_210' title='bbox 825 2925 866 2977; x_wconf 86' lang='grc'><strong><em>14.</em></strong></span> <span class='ocrx_word' id='word_1_211' title='bbox 895 2919 977 2991; x_wconf 57' lang='lat' dir='ltr'><strong>adadu</strong></span> <span class='ocrx_word' id='word_1_212' title='bbox 995 2922 1048 2976; x_wconf 87' lang='lat' dir='ltr'><strong><em>BC.</em></strong></span> <span class='ocrx_word' id='word_1_213' title='bbox 1122 2925 1163 2976; x_wconf 87' lang='grc'><strong><em>16.</em></strong></span> <span class='ocrx_word' id='word_1_214' title='bbox 1192 2918 1266 2976; x_wconf 65' lang='lat' dir='ltr'><strong>dtas</strong></span> 
     </span>
     <span class='ocr_line' id='line_1_25' title="bbox 283 3001 1041 3081; baseline 0.005 -21"><span class='ocrx_word' id='word_1_215' title='bbox 283 3009 315 3075; x_wconf 77' lang='grc' dir='ltr'><strong><em>δὴ</em></strong></span> <span class='ocrx_word' id='word_1_216' title='bbox 333 3009 397 3068; x_wconf 78' lang='grc' dir='ltr'><strong><em>τοὺς</em></strong></span> <span class='ocrx_word' id='word_1_217' title='bbox 416 3008 469 3061; x_wconf 78' lang='lat' dir='ltr'><strong><em>Ac.</em></strong></span> <span class='ocrx_word' id='word_1_218' title='bbox 553 3013 594 3062; x_wconf 83' lang='grc'><strong><em>17.</em></strong></span> <span class='ocrx_word' id='word_1_219' title='bbox 623 3001 668 3075; x_wconf 75' lang='grc' dir='ltr'><strong><em>τό]</em></strong></span> <span class='ocrx_word' id='word_1_220' title='bbox 687 3006 719 3063; x_wconf 78' lang='grc' dir='ltr'><strong><em>οὐ</em></strong></span> <span class='ocrx_word' id='word_1_221' title='bbox 740 3009 793 3061; x_wconf 82' lang='grc' dir='ltr'><strong><em>ΑΒ.</em></strong></span> <span class='ocrx_word' id='word_1_222' title='bbox 815 3004 827 3077; x_wconf 75' lang='grc' dir='ltr'><strong><em>[Ι</em></strong></span> <span class='ocrx_word' id='word_1_223' title='bbox 847 3011 993 3081; x_wconf 76' lang='grc' dir='ltr'><strong><em>τηρούντας</em></strong></span> <span class='ocrx_word' id='word_1_224' title='bbox 1011 3009 1041 3064; x_wconf 88' lang='grc' dir='ltr'><strong><em>Β.</em></strong></span> 
     </span>
    </p>
   </div>
   <div class='ocr_carea' id='block_1_5' title="bbox 212 3188 1268 4304">
    <p class='ocr_par' dir='ltr' id='par_1_9' title="bbox 212 3188 1268 4304">
     <span class='ocr_line' id='line_1_26' title="bbox 213 3188 1266 3271; baseline -0.004 -24"><span class='ocrx_word' id='word_1_225' title='bbox 213 3211 280 3267; x_wconf 86' lang='lat' dir='ltr'><strong>quae</strong></span> <span class='ocrx_word' id='word_1_226' title='bbox 297 3191 388 3248; x_wconf 83' lang='lat' dir='ltr'><strong>verbis</strong></span> <span class='ocrx_word' id='word_1_227' title='bbox 407 3195 432 3248; x_wconf 84' lang='lat' dir='ltr'><strong>oi</strong></span> <span class='ocrx_word' id='word_1_228' title='bbox 450 3195 540 3271; x_wconf 82' lang='lat' dir='ltr'><strong>possit</strong></span> <span class='ocrx_word' id='word_1_229' title='bbox 557 3191 645 3249; x_wconf 82' lang='lat' dir='ltr'><strong>adiici.</strong></span> <span class='ocrx_word' id='word_1_230' title='bbox 691 3213 756 3248; x_wconf 86' lang='lat' dir='ltr'><strong>sane</strong></span> <span class='ocrx_word' id='word_1_231' title='bbox 779 3195 858 3249; x_wconf 83' lang='lat' dir='ltr'><strong>etiam</strong></span> <span class='ocrx_word' id='word_1_232' title='bbox 880 3192 967 3269; x_wconf 83' lang='lat' dir='ltr'><strong>augeli</strong></span> <span class='ocrx_word' id='word_1_233' title='bbox 991 3201 1019 3246; x_wconf 88' lang='lat' dir='ltr'><strong>et</strong></span> <span class='ocrx_word' id='word_1_234' title='bbox 1041 3190 1183 3246; x_wconf 88' lang='lat' dir='ltr'><strong>daemones</strong></span> <span class='ocrx_word' id='word_1_235' title='bbox 1201 3188 1266 3244; x_wconf 85' lang='lat' dir='ltr'><strong>boni</strong></span> 
     </span>
     <span class='ocr_line' id='line_1_27' title="bbox 212 3275 1266 3357; baseline -0.002 -24"><span class='ocrx_word' id='word_1_236' title='bbox 212 3281 352 3335; x_wconf 83' lang='lat' dir='ltr'><strong>veritatem</strong></span> <span class='ocrx_word' id='word_1_237' title='bbox 369 3299 383 3333; x_wconf 80' lang='lat' dir='ltr'><strong>a</strong></span> <span class='ocrx_word' id='word_1_238' title='bbox 403 3278 456 3335; x_wconf 88' lang='lat' dir='ltr'><strong>diis</strong></span> <span class='ocrx_word' id='word_1_239' title='bbox 474 3281 571 3355; x_wconf 78' lang='lat' dir='ltr'><strong>iugiter</strong></span> <span class='ocrx_word' id='word_1_240' title='bbox 587 3277 722 3346; x_wconf 83' lang='lat' dir='ltr'><strong>hauriunt,</strong></span> <span class='ocrx_word' id='word_1_241' title='bbox 746 3281 781 3336; x_wconf 85' lang='lat' dir='ltr'><strong><em>ita</em></strong></span> <span class='ocrx_word' id='word_1_242' title='bbox 800 3289 830 3335; x_wconf 91' lang='lat' dir='ltr'><strong>ut</strong></span> <span class='ocrx_word' id='word_1_243' title='bbox 847 3298 898 3336; x_wconf 85' lang='lat' dir='ltr'><strong><em>nee</em></strong></span> <span class='ocrx_word' id='word_1_244' title='bbox 914 3281 977 3357; x_wconf 88' lang='lat' dir='ltr'><strong>ipsi,</strong></span> <span class='ocrx_word' id='word_1_245' title='bbox 1001 3297 1061 3333; x_wconf 84' lang='lat' dir='ltr'><strong><em>oum</em></strong></span> <span class='ocrx_word' id='word_1_246' title='bbox 1084 3275 1208 3332; x_wconf 79' lang='lat' dir='ltr'><strong>similiter</strong></span> <span class='ocrx_word' id='word_1_247' title='bbox 1224 3296 1266 3331; x_wconf 83' lang='lat' dir='ltr'><strong><em>es·</em></strong></span> 
     </span>
     <span class='ocr_line' id='line_1_28' title="bbox 212 3361 1265 3443; baseline -0.003 -24"><span class='ocrx_word' id='word_1_248' title='bbox 212 3367 312 3420; x_wconf 87' lang='lat' dir='ltr'><strong>sentias</strong></span> <span class='ocrx_word' id='word_1_249' title='bbox 329 3365 462 3443; x_wconf 80' lang='lat' dir='ltr'><strong>perfectas</strong></span> <span class='ocrx_word' id='word_1_250' title='bbox 480 3368 552 3422; x_wconf 84' lang='lat' dir='ltr'><strong>nacti</strong></span> <span class='ocrx_word' id='word_1_251' title='bbox 569 3363 668 3421; x_wconf 84' lang='lat' dir='ltr'><strong>luerint</strong></span> <span class='ocrx_word' id='word_1_252' title='bbox 685 3368 800 3441; x_wconf 79' lang='lat' dir='ltr'><strong>utrique,</strong></span> <span class='ocrx_word' id='word_1_253' title='bbox 819 3366 963 3442; x_wconf 74' lang='lat' dir='ltr'><strong>quidquam</strong></span> <span class='ocrx_word' id='word_1_254' title='bbox 981 3386 996 3420; x_wconf 88' lang='lat' dir='ltr'><strong>a</strong></span> <span class='ocrx_word' id='word_1_255' title='bbox 1013 3365 1126 3420; x_wconf 80' lang='lat' dir='ltr'><strong>veritate</strong></span> <span class='ocrx_word' id='word_1_256' title='bbox 1138 3361 1265 3417; x_wconf 77' lang='lat' dir='ltr'><strong>defitiens</strong></span> 
     </span>
     <span class='ocr_line' id='line_1_29' title="bbox 212 3451 1195 3530; baseline -0.005 -23"><span class='ocrx_word' id='word_1_257' title='bbox 212 3453 320 3528; x_wconf 82' lang='lat' dir='ltr'><strong>possint</strong></span> <span class='ocrx_word' id='word_1_258' title='bbox 336 3451 435 3519; x_wconf 84' lang='lat' dir='ltr'><strong>dicere,</strong></span> <span class='ocrx_word' id='word_1_259' title='bbox 454 3472 504 3508; x_wconf 84' lang='lat' dir='ltr'><strong><em>neo</em></strong></span> <span class='ocrx_word' id='word_1_260' title='bbox 523 3451 666 3527; x_wconf 77' lang='lat' dir='ltr'><strong>quidquam</strong></span> <span class='ocrx_word' id='word_1_261' title='bbox 683 3451 798 3530; x_wconf 82' lang='lat' dir='ltr'><strong>amplius</strong></span> <span class='ocrx_word' id='word_1_262' title='bbox 816 3453 956 3508; x_wconf 84' lang='lat' dir='ltr'><strong>iactantiae</strong></span> <span class='ocrx_word' id='word_1_263' title='bbox 974 3471 1037 3527; x_wconf 82' lang='lat' dir='ltr'><strong>ergo</strong></span> <span class='ocrx_word' id='word_1_264' title='bbox 1055 3467 1195 3528; x_wconf 84' lang='lat' dir='ltr'><strong>apponere.</strong></span> 
     </span>
     <span class='ocr_line' id='line_1_30' title="bbox 285 3532 1266 3614; baseline -0.006 -22"><span class='ocrx_word' id='word_1_265' title='bbox 285 3536 400 3610; x_wconf 80' lang='lat' dir='ltr'><strong>Quando</strong></span> <span class='ocrx_word' id='word_1_266' title='bbox 418 3540 500 3611; x_wconf 81' lang='lat' dir='ltr'><strong>igitur</strong></span> <span class='ocrx_word' id='word_1_267' title='bbox 516 3537 615 3594; x_wconf 80' lang='lat' dir='ltr'><strong>aeeidit</strong></span> <span class='ocrx_word' id='word_1_268' title='bbox 631 3536 678 3592; x_wconf 84' lang='lat' dir='ltr'><strong>illa</strong></span> <span class='ocrx_word' id='word_1_269' title='bbox 696 3558 775 3614; x_wconf 91' lang='lat' dir='ltr'><strong>quam</strong></span> <span class='ocrx_word' id='word_1_270' title='bbox 792 3546 822 3592; x_wconf 90' lang='lat' dir='ltr'><strong>tu</strong></span> <span class='ocrx_word' id='word_1_271' title='bbox 840 3536 938 3613; x_wconf 75' lang='lat' dir='ltr'><strong>allegas</strong></span> <span class='ocrx_word' id='word_1_272' title='bbox 951 3540 980 3593; x_wconf 88' lang='lat' dir='ltr'><strong>in</strong></span> <span class='ocrx_word' id='word_1_273' title='bbox 991 3536 1112 3593; x_wconf 81' lang='lat' dir='ltr'><strong>iactando</strong></span> <span class='ocrx_word' id='word_1_274' title='bbox 1126 3532 1266 3611; x_wconf 80' lang='lat' dir='ltr'>deceptio?</span> 
     </span>
     <span class='ocr_line' id='line_1_31' title="bbox 212 3621 1266 3698; baseline -0.002 -22"><span class='ocrx_word' id='word_1_275' title='bbox 212 3621 320 3698; x_wconf 86' lang='lat' dir='ltr'><strong>quaudo</strong></span> <span class='ocrx_word' id='word_1_276' title='bbox 337 3632 478 3698; x_wconf 84' lang='lat' dir='ltr'><strong>peceatum</strong></span> <span class='ocrx_word' id='word_1_277' title='bbox 495 3621 604 3697; x_wconf 77' lang='lat' dir='ltr'><strong>aliquod</strong></span> <span class='ocrx_word' id='word_1_278' title='bbox 621 3622 771 3679; x_wconf 80' lang='lat' dir='ltr'><strong>admittitur</strong></span> <span class='ocrx_word' id='word_1_279' title='bbox 793 3624 822 3678; x_wconf 86' lang='lat' dir='ltr'><strong>iu</strong></span> <span class='ocrx_word' id='word_1_280' title='bbox 840 3633 897 3678; x_wconf 84' lang='lat' dir='ltr'><strong>arte</strong></span> <span class='ocrx_word' id='word_1_281' title='bbox 914 3623 1059 3697; x_wconf 73' lang='lat' dir='ltr'><strong>theurgica,</strong></span> <span class='ocrx_word' id='word_1_282' title='bbox 1070 3635 1072 3639; x_wconf 81' lang='grc'>’</span> <span class='ocrx_word' id='word_1_283' title='bbox 1083 3641 1132 3678; x_wconf 85' lang='lat' dir='ltr'><strong><em>nee</em></strong></span> <span class='ocrx_word' id='word_1_284' title='bbox 1150 3642 1181 3677; x_wconf 81' lang='lat' dir='ltr'><strong><em>ea</em></strong></span> <span class='ocrx_word' id='word_1_285' title='bbox 1199 3638 1266 3695; x_wconf 83' lang='lat' dir='ltr'><strong>quae</strong></span> 
     </span>
     <span class='ocr_line' id='line_1_32' title="bbox 213 3706 1268 3787; baseline -0.003 -23"><span class='ocrx_word' id='word_1_286' title='bbox 213 3717 322 3787; x_wconf 84' lang='lat' dir='ltr'><strong>oportet</strong></span> <span class='ocrx_word' id='word_1_287' title='bbox 340 3707 388 3763; x_wconf 92' lang='lat' dir='ltr'><strong><em>sed</em></strong></span> <span class='ocrx_word' id='word_1_288' title='bbox 407 3706 457 3762; x_wconf 76' lang='lat' dir='ltr'><strong>alia</strong></span> <span class='ocrx_word' id='word_1_289' title='bbox 474 3726 525 3786; x_wconf 87' lang='lat' dir='ltr'><strong><em>pro</em></strong></span> <span class='ocrx_word' id='word_1_290' title='bbox 537 3707 598 3763; x_wconf 87' lang='lat' dir='ltr'><strong>aliis</strong></span> <span class='ocrx_word' id='word_1_291' title='bbox 610 3711 722 3765; x_wconf 75' lang='lat' dir='ltr'><strong>veniunt</strong></span> <span class='ocrx_word' id='word_1_292' title='bbox 733 3711 860 3785; x_wconf 83' lang='lat' dir='ltr'><strong>imagines</strong></span> <span class='ocrx_word' id='word_1_293' title='bbox 873 3711 902 3764; x_wconf 90' lang='lat' dir='ltr'><strong>in</strong></span> <span class='ocrx_word' id='word_1_294' title='bbox 913 3718 1101 3784; x_wconf 83' lang='lat' dir='ltr'><strong>oompectum:</strong></span> <span class='ocrx_word' id='word_1_295' title='bbox 1120 3718 1184 3764; x_wconf 86' lang='lat' dir='ltr'><strong>tune</strong></span> <span class='ocrx_word' id='word_1_296' title='bbox 1196 3708 1268 3762; x_wconf 85' lang='lat' dir='ltr'><strong>euim</strong></span> 
     </span>
     <span class='ocr_line' id='line_1_33' title="bbox 213 3793 1267 3861; baseline -0.005 -9"><span class='ocrx_word' id='word_1_297' title='bbox 213 3796 339 3852; x_wconf 82' lang='lat' dir='ltr'><strong>iuferiora</strong></span> <span class='ocrx_word' id='word_1_298' title='bbox 357 3795 463 3849; x_wconf 86' lang='lat' dir='ltr'><strong>numina</strong></span> <span class='ocrx_word' id='word_1_299' title='bbox 482 3793 601 3849; x_wconf 84' lang='lat' dir='ltr'><strong>habitum</strong></span> <span class='ocrx_word' id='word_1_300' title='bbox 611 3793 753 3851; x_wconf 84' lang='lat' dir='ltr'><strong>meliorum</strong></span> <span class='ocrx_word' id='word_1_301' title='bbox 769 3793 890 3861; x_wconf 79' lang='lat' dir='ltr'><strong>induunt,</strong></span> <span class='ocrx_word' id='word_1_302' title='bbox 910 3795 1111 3850; x_wconf 86' lang='lat' dir='ltr'><strong>etmeutiantur</strong></span> <span class='ocrx_word' id='word_1_303' title='bbox 1123 3813 1194 3850; x_wconf 80' lang='lat' dir='ltr'><strong>sees</strong></span> <span class='ocrx_word' id='word_1_304' title='bbox 1206 3811 1267 3848; x_wconf 83' lang='lat' dir='ltr'><strong>esse</strong></span> 
     </span>
     <span class='ocr_line' id='line_1_34' title="bbox 214 3878 1267 3958; baseline -0.006 -20"><span class='ocrx_word' id='word_1_305' title='bbox 214 3902 328 3958; x_wconf 82' lang='lat' dir='ltr'><strong>quorum</strong></span> <span class='ocrx_word' id='word_1_306' title='bbox 346 3880 453 3936; x_wconf 84' lang='lat' dir='ltr'><strong>schema</strong></span> <span class='ocrx_word' id='word_1_307' title='bbox 471 3889 566 3956; x_wconf 83' lang='lat' dir='ltr'><strong>gerant</strong></span> <span class='ocrx_word' id='word_1_308' title='bbox 583 3889 610 3934; x_wconf 89' lang='lat' dir='ltr'><strong>et</strong></span> <span class='ocrx_word' id='word_1_309' title='bbox 627 3878 761 3956; x_wconf 79' lang='lat' dir='ltr'><strong>gloriosos</strong></span> <span class='ocrx_word' id='word_1_310' title='bbox 773 3898 911 3936; x_wconf 85' lang='lat' dir='ltr'><strong>sermones</strong></span> <span class='ocrx_word' id='word_1_311' title='bbox 922 3878 1071 3936; x_wconf 75' lang='lat' dir='ltr'><strong>iaculantur</strong></span> <span class='ocrx_word' id='word_1_312' title='bbox 1082 3888 1110 3934; x_wconf 88' lang='lat' dir='ltr'><strong>et</strong></span> <span class='ocrx_word' id='word_1_313' title='bbox 1120 3881 1267 3957; x_wconf 85' lang='lat' dir='ltr'><strong>potentiam</strong></span> 
     </span>
     <span class='ocr_line' id='line_1_35' title="bbox 214 3960 1267 4044; baseline -0.007 -20"><span class='ocrx_word' id='word_1_314' title='bbox 214 3969 267 4024; x_wconf 85' lang='lat' dir='ltr'><strong>sibi</strong></span> <span class='ocrx_word' id='word_1_315' title='bbox 285 3971 357 4025; x_wconf 88' lang='lat' dir='ltr'><strong>iusto</strong></span> <span class='ocrx_word' id='word_1_316' title='bbox 376 3968 501 4022; x_wconf 86' lang='lat' dir='ltr'><strong>maiorem</strong></span> <span class='ocrx_word' id='word_1_317' title='bbox 520 3976 651 4042; x_wconf 77' lang='lat' dir='ltr'><strong>arrogant.</strong></span> <span class='ocrx_word' id='word_1_318' title='bbox 696 3960 792 4042; x_wconf 79' lang='lat' dir='ltr'><strong>&#39;utique</strong></span> <span class='ocrx_word' id='word_1_319' title='bbox 809 3968 833 4021; x_wconf 86' lang='lat' dir='ltr'><strong>si</strong></span> <span class='ocrx_word' id='word_1_320' title='bbox 854 3968 942 4044; x_wconf 87' lang='lat' dir='ltr'><strong>primo</strong></span> <span class='ocrx_word' id='word_1_321' title='bbox 960 3967 987 4021; x_wconf 88' lang='lat' dir='ltr'><strong>in</strong></span> <span class='ocrx_word' id='word_1_322' title='bbox 1009 3968 1143 4044; x_wconf 83' lang='lat' dir='ltr'><strong>principio</strong></span> <span class='ocrx_word' id='word_1_323' title='bbox 1165 3961 1267 4039; x_wconf 82' lang='lat' dir='ltr'><strong>aliquid</strong></span> 
     </span>
     <span class='ocr_line' id='line_1_36' title="bbox 215 4047 1267 4130; baseline -0.004 -22"><span class='ocrx_word' id='word_1_324' title='bbox 215 4057 274 4110; x_wconf 86' lang='lat' dir='ltr'><strong>vitii</strong></span> <span class='ocrx_word' id='word_1_325' title='bbox 292 4063 424 4120; x_wconf 76' lang='lat' dir='ltr'><strong>nascatur,</strong></span> <span class='ocrx_word' id='word_1_326' title='bbox 447 4073 481 4110; x_wconf 88' lang='lat' dir='ltr'><strong><em>ex</em></strong></span> <span class='ocrx_word' id='word_1_327' title='bbox 499 4051 545 4107; x_wconf 86' lang='lat' dir='ltr'><strong>illa</strong></span> <span class='ocrx_word' id='word_1_328' title='bbox 564 4052 715 4129; x_wconf 76' lang='lat' dir='ltr'><strong>corruptela</strong></span> <span class='ocrx_word' id='word_1_329' title='bbox 734 4052 876 4130; x_wconf 84' lang='lat' dir='ltr'><strong>plusimum</strong></span> <span class='ocrx_word' id='word_1_330' title='bbox 895 4053 1031 4110; x_wconf 83' lang='lat' dir='ltr'><strong>derivatm·</strong></span> <span class='ocrx_word' id='word_1_331' title='bbox 1049 4054 1175 4108; x_wconf 79' lang='lat' dir='ltr'><strong>continuo</strong></span> <span class='ocrx_word' id='word_1_332' title='bbox 1196 4047 1267 4104; x_wconf 81' lang='lat' dir='ltr'><strong>falsi·</strong></span> 
     </span>
     <span class='ocr_line' id='line_1_37' title="bbox 215 4136 1267 4220; baseline -0.006 -26"><span class='ocrx_word' id='word_1_333' title='bbox 215 4142 287 4207; x_wconf 83' lang='lat' dir='ltr'><strong>tatis,</strong></span> <span class='ocrx_word' id='word_1_334' title='bbox 307 4160 383 4216; x_wconf 90' lang='lat' dir='ltr'><strong>quam</strong></span> <span class='ocrx_word' id='word_1_335' title='bbox 403 4160 466 4196; x_wconf 86' lang='lat' dir='ltr'><strong>saue</strong></span> <span class='ocrx_word' id='word_1_336' title='bbox 483 4149 600 4218; x_wconf 78' lang='lat' dir='ltr'><strong>possunt</strong></span> <span class='ocrx_word' id='word_1_337' title='bbox 617 4140 771 4198; x_wconf 77' lang='lat' dir='ltr'><strong>sacerdotes</strong></span> <span class='ocrx_word' id='word_1_338' title='bbox 789 4144 817 4197; x_wconf 89' lang='lat' dir='ltr'><strong>in</strong></span> <span class='ocrx_word' id='word_1_339' title='bbox 839 4141 973 4220; x_wconf 83' lang='lat' dir='ltr'><strong>phasmasi</strong></span> <span class='ocrx_word' id='word_1_340' title='bbox 996 4136 1196 4216; x_wconf 83' lang='lat' dir='ltr'><strong>deprehendere</strong></span> <span class='ocrx_word' id='word_1_341' title='bbox 1217 4153 1267 4212; x_wconf 86' lang='lat' dir='ltr'><strong><em>per</em></strong></span> 
     </span>
     <span class='ocr_line' id='line_1_38' title="bbox 217 4222 1267 4304; baseline -0.004 -23"><span class='ocrx_word' id='word_1_342' title='bbox 217 4226 333 4302; x_wconf 75' lang='lat' dir='ltr'><strong>regulam</strong></span> <span class='ocrx_word' id='word_1_343' title='bbox 356 4231 421 4285; x_wconf 83' lang='lat' dir='ltr'><strong>artis</strong></span> <span class='ocrx_word' id='word_1_344' title='bbox 444 4230 540 4296; x_wconf 88' lang='lat' dir='ltr'><strong>totius,</strong></span> <span class='ocrx_word' id='word_1_345' title='bbox 568 4247 646 4303; x_wconf 91' lang='lat' dir='ltr'><strong>quam</strong></span> <span class='ocrx_word' id='word_1_346' title='bbox 669 4227 785 4304; x_wconf 79' lang='lat' dir='ltr'><strong>regulam</strong></span> <span class='ocrx_word' id='word_1_347' title='bbox 807 4227 948 4303; x_wconf 77' lang='lat' dir='ltr'><strong>diligenter</strong></span> <span class='ocrx_word' id='word_1_348' title='bbox 970 4222 1138 4284; x_wconf 82' lang='lat' dir='ltr'><strong>observanda</strong></span> <span class='ocrx_word' id='word_1_349' title='bbox 1159 4230 1267 4297; x_wconf 76' lang='lat' dir='ltr'><strong>oportet</strong></span> 
     </span>
    </p>
   </div>
   <div class='ocr_carea' id='block_1_6' title="bbox 0 0 1400 4876">
    <p class='ocr_par' dir='ltr' id='par_1_10' title="bbox 0 0 1400 4876">
     <span class='ocr_line' id='line_1_39' title="bbox 0 0 1400 4876; baseline 0 0"><span class='ocrx_word' id='word_1_350' title='bbox 0 0 1400 4876; x_wconf 95' lang='lat' dir='ltr'><strong><em> </em></strong></span> 
     </span>
    </p>
   </div>
  </div>
 </body>
</html>
