<?xml version="1.0" encoding="UTF-8"?>
<!DOCTYPE html PUBLIC "-//W3C//DTD XHTML 1.0 Transitional//EN"
    "http://www.w3.org/TR/xhtml1/DTD/xhtml1-transitional.dtd">
<html xmlns="http://www.w3.org/1999/xhtml" xml:lang="en" lang="en">
 <head>
  <title>
</title>
<meta http-equiv="Content-Type" content="text/html;charset=utf-8" />
  <meta name='ocr-system' content='tesseract 3.04.00' />
  <meta name='ocr-capabilities' content='ocr_page ocr_carea ocr_par ocr_line ocrx_word'/>
</head>
<body>
  <div class='ocr_page' id='page_1' title='image "./jamblichidemyst00jambgoog_0178.png"; bbox 0 0 2776 4876; ppageno 0'>
   <div class='ocr_carea' id='block_1_1' title="bbox 209 352 1259 416">
    <p class='ocr_par' dir='ltr' id='par_1_1' title="bbox 209 352 1259 416">
     <span class='ocr_line' id='line_1_1' title="bbox 209 352 1259 416; baseline -0.009 0"><span class='ocrx_word' id='word_1_1' title='bbox 209 352 264 416; x_wconf 61' lang='grc' dir='ltr'><strong><em>Μ</em></strong></span> <span class='ocrx_word' id='word_1_2' title='bbox 1223 353 1259 409; x_wconf 78' lang='grc'><strong>69</strong></span> 
     </span>
    </p>
   </div>
   <div class='ocr_carea' id='block_1_2' title="bbox 174 500 1261 1154">
    <p class='ocr_par' dir='ltr' id='par_1_2' title="bbox 174 500 1261 1154">
     <span class='ocr_line' id='line_1_2' title="bbox 211 500 1261 599; baseline 0.001 -25"><span class='ocrx_word' id='word_1_3' title='bbox 211 511 426 598; x_wconf 79' lang='grc' dir='ltr'><strong><em>σνμφυομίνη</em></strong></span> <span class='ocrx_word' id='word_1_4' title='bbox 448 531 483 574; x_wconf 90' lang='grc' dir='ltr'><strong>τε</strong></span> <span class='ocrx_word' id='word_1_5' title='bbox 506 504 555 585; x_wconf 79' lang='grc' dir='ltr'><strong><em>οἷς</em></strong></span> <span class='ocrx_word' id='word_1_6' title='bbox 583 503 625 573; x_wconf 77' lang='grc' dir='ltr'><strong><em>όν</em></strong></span> <span class='ocrx_word' id='word_1_7' title='bbox 654 509 769 599; x_wconf 56' lang='lat' dir='ltr'><strong>taso,</strong></span> <span class='ocrx_word' id='word_1_8' title='bbox 797 510 855 573; x_wconf 81' lang='grc' dir='ltr'><strong><em>καὶ</em></strong></span> <span class='ocrx_word' id='word_1_9' title='bbox 875 506 941 596; x_wconf 72' lang='grc' dir='ltr'><strong><em>αφ’·</em></strong></span> <span class='ocrx_word' id='word_1_10' title='bbox 956 500 1002 574; x_wconf 82' lang='grc' dir='ltr'><strong><em>ὦν</em></strong></span> <span class='ocrx_word' id='word_1_11' title='bbox 1029 503 1072 575; x_wconf 74' lang='lat' dir='ltr'><strong>etv</strong></span> <span class='ocrx_word' id='word_1_12' title='bbox 1097 505 1261 594; x_wconf 74' lang='grc' dir='ltr'><strong><em>βούληται</em></strong></span> 
     </span>
     <span class='ocr_line' id='line_1_3' title="bbox 211 615 1261 707; baseline 0.003 -24"><span class='ocrx_word' id='word_1_13' title='bbox 211 617 440 704; x_wconf 78' lang='grc' dir='ltr'><strong><em>ἀναχωροῦσα,</em></strong></span> <span class='ocrx_word' id='word_1_14' title='bbox 463 617 661 703; x_wconf 75' lang='grc' dir='ltr'><strong><em>ὁμοιουμένη</em></strong></span> <span class='ocrx_word' id='word_1_15' title='bbox 683 629 754 696; x_wconf 83' lang='grc' dir='ltr'><strong><em>τοῖς</em></strong></span> <span class='ocrx_word' id='word_1_16' title='bbox 774 622 856 684; x_wconf 81' lang='grc' dir='ltr'><strong><em>πᾶσι</em></strong></span> <span class='ocrx_word' id='word_1_17' title='bbox 870 621 925 685; x_wconf 82' lang='grc' dir='ltr'><strong><em>καὶ</em></strong></span> <span class='ocrx_word' id='word_1_18' title='bbox 940 616 982 685; x_wconf 84' lang='grc' dir='ltr'><strong><em>δι’</em></strong></span> <span class='ocrx_word' id='word_1_19' title='bbox 997 615 1187 707; x_wconf 67' lang='grc' dir='ltr'><strong><em>ἑτερότητος</em></strong></span> <span class='ocrx_word' id='word_1_20' title='bbox 1200 619 1261 686; x_wconf 80' lang='grc' dir='ltr'><strong>ἀπ’</strong></span> 
     </span>
     <span class='ocr_line' id='line_1_4' title="bbox 175 726 1258 818; baseline 0.002 -24"><span class='ocrx_word' id='word_1_21' title='bbox 175 743 191 794; x_wconf 82' lang='grc'>3</span> <span class='ocrx_word' id='word_1_22' title='bbox 210 729 319 797; x_wconf 80' lang='grc' dir='ltr'><strong><em>αὐτῶν</em></strong></span> <span class='ocrx_word' id='word_1_23' title='bbox 340 730 541 814; x_wconf 78' lang='grc' dir='ltr'><strong><em>διισταμίυη,</em></strong></span> <span class='ocrx_word' id='word_1_24' title='bbox 562 726 680 814; x_wconf 84' lang='grc' dir='ltr'><strong><em>λόγους</em></strong></span> <span class='ocrx_word' id='word_1_25' title='bbox 700 753 734 796; x_wconf 84' lang='grc' dir='ltr'><strong>τε</strong></span> <span class='ocrx_word' id='word_1_26' title='bbox 748 730 998 818; x_wconf 82' lang='grc' dir='ltr'><strong><em>προχειρίζονσα</em></strong></span> <span class='ocrx_word' id='word_1_27' title='bbox 1012 742 1176 815; x_wconf 72' lang='grc' dir='ltr'><strong><em>συγγενεῖς</em></strong></span> <span class='ocrx_word' id='word_1_28' title='bbox 1189 743 1258 809; x_wconf 84' lang='grc' dir='ltr'><strong><em>τοῖς</em></strong></span> 
     </span>
     <span class='ocr_line' id='line_1_5' title="bbox 210 832 1253 926; baseline 0 -17"><span class='ocrx_word' id='word_1_29' title='bbox 210 832 285 909; x_wconf 81' lang='grc' dir='ltr'><strong><em>οὖσι</em></strong></span> <span class='ocrx_word' id='word_1_30' title='bbox 304 844 362 907; x_wconf 80' lang='grc' dir='ltr'><strong>καί</strong></span> <span class='ocrx_word' id='word_1_31' title='bbox 382 846 604 926; x_wconf 83' lang='grc' dir='ltr'><strong><em>γιγνομίνοις,</em></strong></span> <span class='ocrx_word' id='word_1_32' title='bbox 628 843 725 918; x_wconf 79' lang='grc' dir='ltr'><strong><em>θεοῖς</em></strong></span> <span class='ocrx_word' id='word_1_33' title='bbox 754 864 790 907; x_wconf 82' lang='grc' dir='ltr'><strong>τε</strong></span> <span class='ocrx_word' id='word_1_34' title='bbox 809 837 1020 909; x_wconf 76' lang='grc' dir='ltr'><strong><em>συνάπτουσα</em></strong></span> <span class='ocrx_word' id='word_1_35' title='bbox 1041 840 1161 922; x_wconf 82' lang='grc' dir='ltr'><strong><em>ίαυτὴν</em></strong></span> <span class='ocrx_word' id='word_1_36' title='bbox 1180 847 1253 917; x_wconf 81' lang='grc' dir='ltr'><strong><em>κατ’</em></strong></span> 
     </span>
     <span class='ocr_line' id='line_1_6' title="bbox 210 947 1258 1039; baseline 0.003 -22"><span class='ocrx_word' id='word_1_37' title='bbox 210 948 316 1030; x_wconf 82' lang='grc' dir='ltr'><strong><em>άλλας</em></strong></span> <span class='ocrx_word' id='word_1_38' title='bbox 337 950 501 1039; x_wconf 75' lang='grc' dir='ltr'><strong><em>ἁρμονίας</em></strong></span> <span class='ocrx_word' id='word_1_39' title='bbox 523 952 647 1019; x_wconf 81' lang='grc' dir='ltr'><strong><em>οὐσιῶν</em></strong></span> <span class='ocrx_word' id='word_1_40' title='bbox 664 955 721 1018; x_wconf 80' lang='grc' dir='ltr'><strong><em>καὶ</em></strong></span> <span class='ocrx_word' id='word_1_41' title='bbox 744 948 921 1038; x_wconf 80' lang='grc' dir='ltr'><strong><em>δυνάμεων,</em></strong></span> <span class='ocrx_word' id='word_1_42' title='bbox 943 947 965 1032; x_wconf 75' lang='grc' dir='ltr'><em>ἢ</em></span> <span class='ocrx_word' id='word_1_43' title='bbox 986 950 1069 1017; x_wconf 64' lang='grc' dir='ltr'><strong><em>καθ’</em></strong></span> <span class='ocrx_word' id='word_1_44' title='bbox 1088 957 1164 1030; x_wconf 87' lang='grc' dir='ltr'><strong><em>σίας</em></strong></span> <span class='ocrx_word' id='word_1_45' title='bbox 1185 955 1258 1021; x_wconf 80' lang='grc' dir='ltr'><strong><em>δαί-</em></strong></span> 
     </span>
     <span class='ocr_line' id='line_1_7' title="bbox 174 1059 1261 1154; baseline -0.003 -20"><span class='ocrx_word' id='word_1_46' title='bbox 174 1070 307 1149; x_wconf 78' lang='grc' dir='ltr'><strong><em>ομσνίς</em></strong></span> <span class='ocrx_word' id='word_1_47' title='bbox 328 1088 362 1130; x_wconf 86' lang='grc' dir='ltr'><strong>τι</strong></span> <span class='ocrx_word' id='word_1_48' title='bbox 384 1068 442 1130; x_wconf 81' lang='grc' dir='ltr'><strong>ναὶ</strong></span> <span class='ocrx_word' id='word_1_49' title='bbox 469 1060 572 1154; x_wconf 74' lang='grc' dir='ltr'><strong><em>ἥρωες</em></strong></span> <span class='ocrx_word' id='word_1_50' title='bbox 599 1061 683 1147; x_wconf 87' lang='grc' dir='ltr'><strong><em>πρός</em></strong></span> <span class='ocrx_word' id='word_1_51' title='bbox 710 1059 831 1140; x_wconf 67' lang='grc' dir='ltr'><strong><em>αὐτοὺς</em></strong></span> <span class='ocrx_word' id='word_1_52' title='bbox 858 1065 1091 1131; x_wconf 72' lang='grc' dir='ltr'><strong><em>συνεπλέκοντο</em></strong></span> <span class='ocrx_word' id='word_1_53' title='bbox 1099 1087 1110 1102; x_wconf 92' lang='grc'><strong>··</strong></span> <span class='ocrx_word' id='word_1_54' title='bbox 1136 1067 1192 1130; x_wconf 79' lang='grc' dir='ltr'><strong>καί</strong></span> <span class='ocrx_word' id='word_1_55' title='bbox 1218 1061 1261 1131; x_wconf 84' lang='grc' dir='ltr'><strong>τό</strong></span> 
     </span>
    </p>
   </div>
   <div class='ocr_carea' id='block_1_3' title="bbox 157 1173 1261 2376">
    <p class='ocr_par' dir='ltr' id='par_1_3' title="bbox 157 1173 1261 2376">
     <span class='ocr_line' id='line_1_8' title="bbox 209 1173 1257 1262; baseline 0.003 -21"><span class='ocrx_word' id='word_1_56' title='bbox 209 1178 269 1258; x_wconf 82' lang='grc' dir='ltr'><strong><em>μὲν</em></strong></span> <span class='ocrx_word' id='word_1_57' title='bbox 291 1173 401 1240; x_wconf 79' lang='grc' dir='ltr'><strong><em>ἀίδιον</em></strong></span> <span class='ocrx_word' id='word_1_58' title='bbox 421 1180 481 1256; x_wconf 81' lang='grc' dir='ltr'><strong>τῆς</strong></span> <span class='ocrx_word' id='word_1_59' title='bbox 502 1175 621 1261; x_wconf 89' lang='grc' dir='ltr'><strong><em>ὁμοίας</em></strong></span> <span class='ocrx_word' id='word_1_60' title='bbox 642 1176 726 1256; x_wconf 82' lang='grc' dir='ltr'><strong><em>ζωῆς</em></strong></span> <span class='ocrx_word' id='word_1_61' title='bbox 747 1178 803 1241; x_wconf 78' lang='grc' dir='ltr'><strong>καί</strong></span> <span class='ocrx_word' id='word_1_62' title='bbox 831 1177 996 1258; x_wconf 71' lang='grc' dir='ltr'><strong><em>ἐνεργείας</em></strong></span> <span class='ocrx_word' id='word_1_63' title='bbox 1021 1173 1100 1262; x_wconf 87' lang='grc' dir='ltr'><strong><em>παρ’</em></strong></span> <span class='ocrx_word' id='word_1_64' title='bbox 1120 1177 1257 1244; x_wconf 70' lang='grc' dir='ltr'><strong><em>ἔλαττον</em></strong></span> 
     </span>
     <span class='ocr_line' id='line_1_9' title="bbox 208 1282 1261 1372; baseline 0.001 -19"><span class='ocrx_word' id='word_1_65' title='bbox 208 1289 338 1353; x_wconf 67' lang='grc' dir='ltr'><strong><em>ἐκείνων</em></strong></span> <span class='ocrx_word' id='word_1_66' title='bbox 361 1289 489 1372; x_wconf 85' lang='grc' dir='ltr'><strong><em>ίχονσα,</em></strong></span> <span class='ocrx_word' id='word_1_67' title='bbox 517 1283 575 1354; x_wconf 78' lang='grc' dir='ltr'><strong><em>διά</em></strong></span> <span class='ocrx_word' id='word_1_68' title='bbox 595 1290 630 1354; x_wconf 74' lang='lat' dir='ltr'><strong>oo</strong></span> <span class='ocrx_word' id='word_1_69' title='bbox 652 1283 713 1368; x_wconf 74' lang='lat' dir='ltr'><strong>trio</strong></span> <span class='ocrx_word' id='word_1_70' title='bbox 735 1289 800 1353; x_wconf 77' lang='grc' dir='ltr'><strong>τόν</strong></span> <span class='ocrx_word' id='word_1_71' title='bbox 826 1290 917 1353; x_wconf 69' lang='grc' dir='ltr'><strong><em>θεῶν</em></strong></span> <span class='ocrx_word' id='word_1_72' title='bbox 938 1282 1097 1370; x_wconf 77' lang='grc' dir='ltr'><strong><em>βούλησιν</em></strong></span> <span class='ocrx_word' id='word_1_73' title='bbox 1119 1282 1261 1371; x_wconf 67' lang='grc' dir='ltr'><strong><em>ἀγαθὴν·</em></strong></span> 
     </span>
     <span class='ocr_line' id='line_1_10' title="bbox 174 1391 1259 1489; baseline -0.002 -24"><span class='ocrx_word' id='word_1_74' title='bbox 174 1399 265 1465; x_wconf 70' lang='grc' dir='ltr'><strong><em>λιταὶ</em></strong></span> <span class='ocrx_word' id='word_1_75' title='bbox 286 1393 348 1478; x_wconf 74' lang='grc' dir='ltr'><strong>τὴν</strong></span> <span class='ocrx_word' id='word_1_76' title='bbox 369 1396 427 1465; x_wconf 83' lang='grc' dir='ltr'><strong>ἀπ’</strong></span> <span class='ocrx_word' id='word_1_77' title='bbox 443 1396 552 1465; x_wconf 77' lang='grc' dir='ltr'><strong><em>αὐτόν</em></strong></span> <span class='ocrx_word' id='word_1_78' title='bbox 565 1400 776 1482; x_wconf 78' lang='grc' dir='ltr'><strong><em>λνδιδομίνην</em></strong></span> <span class='ocrx_word' id='word_1_79' title='bbox 799 1391 909 1489; x_wconf 82' lang='grc' dir='ltr'><strong><em>φωτός</em></strong></span> <span class='ocrx_word' id='word_1_80' title='bbox 925 1400 1088 1483; x_wconf 81' lang='grc' dir='ltr'><strong><em>ίλίαμψιυ</em></strong></span> <span class='ocrx_word' id='word_1_81' title='bbox 1102 1395 1259 1477; x_wconf 67' lang='grc' dir='ltr'><strong><em>πολλάκις</em></strong></span> 
     </span>
     <span class='ocr_line' id='line_1_11' title="bbox 209 1504 1257 1598; baseline 0 -23"><span class='ocrx_word' id='word_1_82' title='bbox 209 1512 265 1575; x_wconf 76' lang='grc' dir='ltr'><strong><em>καὶ</em></strong></span> <span class='ocrx_word' id='word_1_83' title='bbox 287 1506 439 1598; x_wconf 84' lang='grc' dir='ltr'><strong><em>άνωτίρω</em></strong></span> <span class='ocrx_word' id='word_1_84' title='bbox 458 1511 623 1598; x_wconf 84' lang='grc' dir='ltr'><strong><em>χωροῦσα,</em></strong></span> <span class='ocrx_word' id='word_1_85' title='bbox 644 1513 698 1577; x_wconf 75' lang='lat' dir='ltr'><strong>isti</strong></span> <span class='ocrx_word' id='word_1_86' title='bbox 719 1505 854 1593; x_wconf 84' lang='grc' dir='ltr'><strong><em>μείζονά</em></strong></span> <span class='ocrx_word' id='word_1_87' title='bbox 876 1533 910 1575; x_wconf 86' lang='grc' dir='ltr'><strong>τε</strong></span> <span class='ocrx_word' id='word_1_88' title='bbox 932 1505 1025 1589; x_wconf 82' lang='grc' dir='ltr'><strong><em>τάξιν</em></strong></span> <span class='ocrx_word' id='word_1_89' title='bbox 1048 1504 1107 1589; x_wconf 76' lang='grc' dir='ltr'><strong>τὴν</strong></span> <span class='ocrx_word' id='word_1_90' title='bbox 1128 1507 1257 1594; x_wconf 80' lang='grc' dir='ltr'><strong><em>ἀγγελι-</em></strong></span> 
     </span>
     <span class='ocr_line' id='line_1_12' title="bbox 209 1615 1257 1711; baseline 0.002 -26"><span class='ocrx_word' id='word_1_91' title='bbox 209 1617 271 1700; x_wconf 75' lang='grc' dir='ltr'><strong><em>κὴν</em></strong></span> <span class='ocrx_word' id='word_1_92' title='bbox 290 1618 491 1705; x_wconf 71' lang='grc' dir='ltr'><strong><em>ἀναγομένη.</em></strong></span> <span class='ocrx_word' id='word_1_93' title='bbox 529 1615 586 1687; x_wconf 83' lang='grc' dir='ltr'><strong>ὅτε</strong></span> <span class='ocrx_word' id='word_1_94' title='bbox 604 1616 648 1701; x_wconf 69' lang='grc' dir='ltr'><strong>δὴ</strong></span> <span class='ocrx_word' id='word_1_95' title='bbox 669 1620 776 1688; x_wconf 79' lang='grc' dir='ltr'><strong><em>οὐκέτι</em></strong></span> <span class='ocrx_word' id='word_1_96' title='bbox 790 1631 862 1697; x_wconf 84' lang='grc' dir='ltr'><strong><em>τοῖς</em></strong></span> <span class='ocrx_word' id='word_1_97' title='bbox 876 1624 934 1700; x_wconf 84' lang='grc' dir='ltr'><strong>τῆς</strong></span> <span class='ocrx_word' id='word_1_98' title='bbox 947 1621 1055 1711; x_wconf 77' lang='grc' dir='ltr'><strong><em>ψυχῆς</em></strong></span> <span class='ocrx_word' id='word_1_99' title='bbox 1070 1616 1161 1707; x_wconf 85' lang='grc' dir='ltr'><strong><em>ὅροις</em></strong></span> <span class='ocrx_word' id='word_1_100' title='bbox 1174 1619 1257 1687; x_wconf 80' lang='grc' dir='ltr'><strong><em>ἀνα-</em></strong></span> 
     </span>
     <span class='ocr_line' id='line_1_13' title="bbox 158 1727 1258 1822; baseline 0 -26"><span class='ocrx_word' id='word_1_101' title='bbox 158 1745 192 1796; x_wconf 82' lang='lat'><strong>12</strong></span> <span class='ocrx_word' id='word_1_102' title='bbox 207 1735 306 1816; x_wconf 83' lang='grc' dir='ltr'><strong><em>μίνει,</em></strong></span> <span class='ocrx_word' id='word_1_103' title='bbox 326 1727 365 1797; x_wconf 84' lang='grc' dir='ltr'><strong>τὸ</strong></span> <span class='ocrx_word' id='word_1_104' title='bbox 386 1729 418 1797; x_wconf 81' lang='lat' dir='ltr'><strong>‹i&#39;</strong></span> <span class='ocrx_word' id='word_1_105' title='bbox 433 1727 514 1798; x_wconf 84' lang='grc' dir='ltr'><strong><em>ὅλων</em></strong></span> <span class='ocrx_word' id='word_1_106' title='bbox 529 1734 629 1799; x_wconf 81' lang='grc' dir='ltr'><strong><em>τοῦτο</em></strong></span> <span class='ocrx_word' id='word_1_107' title='bbox 650 1739 696 1810; x_wconf 85' lang='grc' dir='ltr'><strong><em>είς.</em></strong></span> <span class='ocrx_word' id='word_1_108' title='bbox 709 1728 884 1817; x_wconf 72' lang='grc' dir='ltr'><strong><em>ἀγγελικὴν</em></strong></span> <span class='ocrx_word' id='word_1_109' title='bbox 897 1728 1008 1822; x_wconf 72' lang='grc' dir='ltr'><strong><em>ψυχήν</em></strong></span> <span class='ocrx_word' id='word_1_110' title='bbox 1022 1737 1079 1798; x_wconf 80' lang='grc' dir='ltr'><strong><em>καὶ</em></strong></span> <span class='ocrx_word' id='word_1_111' title='bbox 1092 1728 1258 1819; x_wconf 76' lang='grc' dir='ltr'><strong><em>ἄχραντον</em></strong></span> 
     </span>
     <span class='ocr_line' id='line_1_14' title="bbox 208 1838 1258 1924; baseline -0.002 -15"><span class='ocrx_word' id='word_1_112' title='bbox 208 1845 386 1909; x_wconf 80' lang='grc' dir='ltr'><strong><em>τελειοῦται</em></strong></span> <span class='ocrx_word' id='word_1_113' title='bbox 406 1839 501 1923; x_wconf 81' lang='grc' dir='ltr'><strong><em>ζωήν.</em></strong></span> <span class='ocrx_word' id='word_1_114' title='bbox 546 1840 632 1909; x_wconf 75' lang='grc' dir='ltr'><strong><em>ὅθεν</em></strong></span> <span class='ocrx_word' id='word_1_115' title='bbox 653 1838 696 1924; x_wconf 71' lang='grc' dir='ltr'><strong>δὴ</strong></span> <span class='ocrx_word' id='word_1_116' title='bbox 716 1846 774 1910; x_wconf 76' lang='grc' dir='ltr'><strong><em>καὶ</em></strong></span> <span class='ocrx_word' id='word_1_117' title='bbox 795 1845 884 1909; x_wconf 82' lang='grc' dir='ltr'><strong><em>δοκεῖ</em></strong></span> <span class='ocrx_word' id='word_1_118' title='bbox 905 1839 1122 1919; x_wconf 77' lang='grc' dir='ltr'><strong><em>παντοδαπάς</em></strong></span> <span class='ocrx_word' id='word_1_119' title='bbox 1144 1841 1258 1920; x_wconf 84' lang='grc' dir='ltr'><strong><em>οὐσίας</em></strong></span> 
     </span>
     <span class='ocr_line' id='line_1_15' title="bbox 208 1949 1256 2040; baseline -0.002 -21"><span class='ocrx_word' id='word_1_120' title='bbox 208 1956 263 2019; x_wconf 77' lang='grc' dir='ltr'><strong><em>καὶ</em></strong></span> <span class='ocrx_word' id='word_1_121' title='bbox 285 1957 456 2040; x_wconf 72' lang='grc' dir='ltr'><strong><em>ἐνεργείας,</em></strong></span> <span class='ocrx_word' id='word_1_122' title='bbox 478 1951 597 2038; x_wconf 84' lang='grc' dir='ltr'><strong><em>λόγους</em></strong></span> <span class='ocrx_word' id='word_1_123' title='bbox 619 1979 652 2020; x_wconf 89' lang='grc' dir='ltr'><strong>τε</strong></span> <span class='ocrx_word' id='word_1_124' title='bbox 673 1959 851 2032; x_wconf 81' lang='grc' dir='ltr'><strong><em>παντοίους</em></strong></span> <span class='ocrx_word' id='word_1_125' title='bbox 872 1958 929 2021; x_wconf 81' lang='grc' dir='ltr'><strong><em>καὶ</em></strong></span> <span class='ocrx_word' id='word_1_126' title='bbox 951 1953 1019 2035; x_wconf 67' lang='lat' dir='ltr'><strong>sitin</strong></span> <span class='ocrx_word' id='word_1_127' title='bbox 1037 1949 1079 2021; x_wconf 87' lang='grc' dir='ltr'><strong>τά</strong></span> <span class='ocrx_word' id='word_1_128' title='bbox 1095 1949 1159 2019; x_wconf 87' lang='grc' dir='ltr'><strong>ὅλα</strong></span> <span class='ocrx_word' id='word_1_129' title='bbox 1172 1977 1256 2037; x_wconf 76' lang='grc' dir='ltr'><strong><em>παρ</em></strong></span> 
     </span>
     <span class='ocr_line' id='line_1_16' title="bbox 157 2061 1257 2157; baseline 0 -28"><span class='ocrx_word' id='word_1_130' title='bbox 157 2076 190 2125; x_wconf 73' lang='grc'><strong>15</strong></span> <span class='ocrx_word' id='word_1_131' title='bbox 207 2071 289 2151; x_wconf 73' lang='grc' dir='ltr'><strong><em>ἐχειν</em></strong></span> <span class='ocrx_word' id='word_1_132' title='bbox 311 2071 346 2131; x_wconf 78' lang='grc' dir='ltr'><strong>λυ</strong></span> <span class='ocrx_word' id='word_1_133' title='bbox 368 2067 467 2157; x_wconf 72' lang='grc' dir='ltr'><strong><em>ἑαυτῇ</em></strong></span> <span class='ocrx_word' id='word_1_134' title='bbox 495 2065 517 2146; x_wconf 84' lang='grc' dir='ltr'><strong><em>ἡ</em></strong></span> <span class='ocrx_word' id='word_1_135' title='bbox 547 2064 646 2153; x_wconf 77' lang='grc' dir='ltr'><strong><em>ψυχή.</em></strong></span> <span class='ocrx_word' id='word_1_136' title='bbox 691 2061 730 2133; x_wconf 86' lang='grc' dir='ltr'><strong>τό</strong></span> <span class='ocrx_word' id='word_1_137' title='bbox 754 2070 803 2145; x_wconf 74' lang='grc' dir='ltr'><strong>δέ,</strong></span> <span class='ocrx_word' id='word_1_138' title='bbox 834 2073 861 2132; x_wconf 84' lang='lat' dir='ltr'><strong>ei</strong></span> <span class='ocrx_word' id='word_1_139' title='bbox 881 2061 946 2151; x_wconf 75' lang='grc' dir='ltr'><strong>χρὴ</strong></span> <span class='ocrx_word' id='word_1_140' title='bbox 974 2064 1121 2146; x_wconf 72' lang='grc' dir='ltr'><strong><em>τάληθὲς</em></strong></span> <span class='ocrx_word' id='word_1_141' title='bbox 1149 2070 1257 2143; x_wconf 71' lang='grc' dir='ltr'><strong><em>εἰπεῖν,</em></strong></span> 
     </span>
     <span class='ocr_line' id='line_1_17' title="bbox 208 2171 1258 2260; baseline -0.001 -19"><span class='ocrx_word' id='word_1_142' title='bbox 208 2172 344 2259; x_wconf 77' lang='grc' dir='ltr'><strong><em>ὥρισται</em></strong></span> <span class='ocrx_word' id='word_1_143' title='bbox 366 2180 425 2260; x_wconf 73' lang='grc' dir='ltr'><strong><em>μὲν</em></strong></span> <span class='ocrx_word' id='word_1_144' title='bbox 447 2175 500 2242; x_wconf 81' lang='grc' dir='ltr'><strong><em>ἀεὶ</em></strong></span> <span class='ocrx_word' id='word_1_145' title='bbox 521 2175 607 2243; x_wconf 75' lang='grc' dir='ltr'><strong><em>καθ’</em></strong></span> <span class='ocrx_word' id='word_1_146' title='bbox 628 2183 663 2243; x_wconf 75' lang='lat' dir='ltr'><strong>tv</strong></span> <span class='ocrx_word' id='word_1_147' title='bbox 690 2201 737 2256; x_wconf 89' lang='grc' dir='ltr'><strong>τι,</strong></span> <span class='ocrx_word' id='word_1_148' title='bbox 763 2180 967 2243; x_wconf 82' lang='grc' dir='ltr'><strong><em>κοινωνοῦσα</em></strong></span> <span class='ocrx_word' id='word_1_149' title='bbox 990 2180 1024 2242; x_wconf 74' lang='grc' dir='ltr'><strong>δὲ</strong></span> <span class='ocrx_word' id='word_1_150' title='bbox 1046 2171 1165 2255; x_wconf 70' lang='grc' dir='ltr'><strong><em>ἑαυτὴν</em></strong></span> <span class='ocrx_word' id='word_1_151' title='bbox 1189 2186 1258 2252; x_wconf 86' lang='grc' dir='ltr'><strong><em>τοῖς</em></strong></span> 
     </span>
     <span class='ocr_line' id='line_1_18' title="bbox 207 2283 1107 2376; baseline -0.002 -24"><span class='ocrx_word' id='word_1_152' title='bbox 207 2291 465 2376; x_wconf 85' lang='grc' dir='ltr'><strong><em>προηγουμένοις</em></strong></span> <span class='ocrx_word' id='word_1_153' title='bbox 486 2291 604 2364; x_wconf 86' lang='grc' dir='ltr'><strong><em>αίτίοις</em></strong></span> <span class='ocrx_word' id='word_1_154' title='bbox 626 2283 744 2353; x_wconf 83' lang='grc' dir='ltr'><strong><em>άλλυτε</em></strong></span> <span class='ocrx_word' id='word_1_155' title='bbox 766 2283 880 2364; x_wconf 81' lang='grc' dir='ltr'><strong><em>ἄλλοις</em></strong></span> <span class='ocrx_word' id='word_1_156' title='bbox 901 2283 1107 2353; x_wconf 87' lang='grc' dir='ltr'><strong><em>συνάπτεται.</em></strong></span> 
     </span>
    </p>
   </div>
   <div class='ocr_carea' id='block_1_4' title="bbox 278 2437 1268 2950">
    <p class='ocr_par' dir='ltr' id='par_1_4' title="bbox 278 2437 1268 2950">
     <span class='ocr_line' id='line_1_19' title="bbox 281 2437 1256 2510; baseline -0.001 -16"><span class='ocrx_word' id='word_1_157' title='bbox 281 2445 307 2495; x_wconf 88' lang='grc'><strong>1.</strong></span> <span class='ocrx_word' id='word_1_158' title='bbox 335 2462 365 2494; x_wconf 89' lang='grc' dir='ltr'><strong>τε</strong></span> <span class='ocrx_word' id='word_1_159' title='bbox 382 2437 403 2495; x_wconf 77' lang='grc' dir='ltr'><strong><em>ά</em></strong></span> <span class='ocrx_word' id='word_1_160' title='bbox 421 2437 461 2502; x_wconf 71' lang='grc' dir='ltr'><strong><em>οἷς</em></strong></span> <span class='ocrx_word' id='word_1_161' title='bbox 484 2444 517 2494; x_wconf 84' lang='lat' dir='ltr'><strong>l).</strong></span> <span class='ocrx_word' id='word_1_162' title='bbox 625 2445 649 2494; x_wconf 81' lang='grc'><strong>4.</strong></span> <span class='ocrx_word' id='word_1_163' title='bbox 676 2448 817 2510; x_wconf 69' lang='grc' dir='ltr'><strong><em>γινομένοις</em></strong></span> <span class='ocrx_word' id='word_1_164' title='bbox 840 2442 872 2493; x_wconf 84' lang='lat' dir='ltr'><strong>l).</strong></span> <span class='ocrx_word' id='word_1_165' title='bbox 985 2442 1009 2492; x_wconf 74' lang='grc'><strong>7.</strong></span> <span class='ocrx_word' id='word_1_166' title='bbox 1038 2443 1203 2507; x_wconf 84' lang='grc' dir='ltr'><strong><em>πειρίλαττον</em></strong></span> <span class='ocrx_word' id='word_1_167' title='bbox 1226 2442 1256 2493; x_wconf 77' lang='grc' dir='ltr'><strong>Α.</strong></span> 
     </span>
     <span class='ocr_line' id='line_1_20' title="bbox 278 2524 1258 2598; baseline -0.005 -16"><span class='ocrx_word' id='word_1_168' title='bbox 278 2532 303 2582; x_wconf 89' lang='grc'><strong>8.</strong></span> <span class='ocrx_word' id='word_1_169' title='bbox 330 2533 437 2595; x_wconf 79' lang='grc' dir='ltr'><strong><em>ίχουσαι</em></strong></span> <span class='ocrx_word' id='word_1_170' title='bbox 456 2529 512 2581; x_wconf 80' lang='lat' dir='ltr'><strong>cl).</strong></span> <span class='ocrx_word' id='word_1_171' title='bbox 607 2531 631 2581; x_wconf 81' lang='grc'><strong>9.</strong></span> <span class='ocrx_word' id='word_1_172' title='bbox 659 2526 795 2598; x_wconf 59' lang='lat' dir='ltr'><strong>illapsum]</strong></span> <span class='ocrx_word' id='word_1_173' title='bbox 815 2527 850 2578; x_wconf 83' lang='lat' dir='ltr'><strong>sic</strong></span> <span class='ocrx_word' id='word_1_174' title='bbox 868 2524 948 2588; x_wconf 79' lang='lat' dir='ltr'><strong>Act),</strong></span> <span class='ocrx_word' id='word_1_175' title='bbox 976 2529 1086 2594; x_wconf 70' lang='grc' dir='ltr'><strong><em>ἔλαμψεν</em></strong></span> <span class='ocrx_word' id='word_1_176' title='bbox 1104 2525 1136 2587; x_wconf 90' lang='grc' dir='ltr'><strong>Β,</strong></span> <span class='ocrx_word' id='word_1_177' title='bbox 1163 2528 1258 2594; x_wconf 80' lang='grc' dir='ltr'><strong><em>ίκλαμ-</em></strong></span> 
     </span>
     <span class='ocr_line' id='line_1_21' title="bbox 280 2607 1257 2686; baseline -0.005 -20"><span class='ocrx_word' id='word_1_178' title='bbox 280 2631 325 2682; x_wconf 79' lang='grc' dir='ltr'><strong><em>εριι</em></strong></span> <span class='ocrx_word' id='word_1_179' title='bbox 344 2615 376 2667; x_wconf 86' lang='grc'><strong>0.</strong></span> <span class='ocrx_word' id='word_1_180' title='bbox 462 2617 502 2669; x_wconf 79' lang='lat' dir='ltr'><strong>ll).</strong></span> <span class='ocrx_word' id='word_1_181' title='bbox 529 2614 666 2686; x_wconf 68' lang='grc' dir='ltr'><strong><em>χωροῦσαι</em></strong></span> <span class='ocrx_word' id='word_1_182' title='bbox 683 2614 737 2664; x_wconf 85' lang='lat' dir='ltr'><strong>Cl).</strong></span> <span class='ocrx_word' id='word_1_183' title='bbox 818 2615 859 2666; x_wconf 76' lang='lat' dir='ltr'><strong>la.</strong></span> <span class='ocrx_word' id='word_1_184' title='bbox 875 2614 917 2666; x_wconf 67' lang='lat' dir='ltr'><strong>ll.</strong></span> <span class='ocrx_word' id='word_1_185' title='bbox 946 2607 1040 2671; x_wconf 75' lang='grc' dir='ltr'><strong><em>οὐσίας</em></strong></span> <span class='ocrx_word' id='word_1_186' title='bbox 1058 2613 1102 2663; x_wconf 76' lang='grc' dir='ltr'><strong>καὶ</strong></span> <span class='ocrx_word' id='word_1_187' title='bbox 1120 2608 1257 2680; x_wconf 64' lang='grc' dir='ltr'><strong><em>ἐνεργείας]</em></strong></span> 
     </span>
     <span class='ocr_line' id='line_1_22' title="bbox 279 2694 1258 2765; baseline -0.003 -13"><span class='ocrx_word' id='word_1_188' title='bbox 279 2702 314 2752; x_wconf 78' lang='lat' dir='ltr'><strong>sic</strong></span> <span class='ocrx_word' id='word_1_189' title='bbox 328 2705 359 2765; x_wconf 80' lang='lat' dir='ltr'><strong>A,</strong></span> <span class='ocrx_word' id='word_1_190' title='bbox 378 2696 472 2760; x_wconf 79' lang='grc' dir='ltr'><strong><em>οὗσίας</em></strong></span> <span class='ocrx_word' id='word_1_191' title='bbox 485 2704 530 2753; x_wconf 81' lang='grc' dir='ltr'><strong>καί</strong></span> <span class='ocrx_word' id='word_1_192' title='bbox 542 2695 636 2759; x_wconf 68' lang='lat' dir='ltr'><strong>ariolos·</strong></span> <span class='ocrx_word' id='word_1_193' title='bbox 646 2701 680 2763; x_wconf 85' lang='grc' dir='ltr'><strong>Ι),</strong></span> <span class='ocrx_word' id='word_1_194' title='bbox 694 2696 788 2759; x_wconf 79' lang='grc' dir='ltr'><strong><em>σε’·σίας</em></strong></span> <span class='ocrx_word' id='word_1_195' title='bbox 799 2703 846 2751; x_wconf 76' lang='grc' dir='ltr'><strong><em>καί</em></strong></span> <span class='ocrx_word' id='word_1_196' title='bbox 856 2700 890 2763; x_wconf 90' lang='lat'><strong>0,</strong></span> <span class='ocrx_word' id='word_1_197' title='bbox 909 2694 1004 2758; x_wconf 70' lang='grc' dir='ltr'><strong><em>οὐσίας</em></strong></span> <span class='ocrx_word' id='word_1_198' title='bbox 1016 2698 1045 2750; x_wconf 89' lang='lat' dir='ltr'><strong>C.</strong></span> <span class='ocrx_word' id='word_1_199' title='bbox 1135 2698 1176 2748; x_wconf 81' lang='lat'><strong>15.</strong></span> <span class='ocrx_word' id='word_1_200' title='bbox 1195 2698 1258 2749; x_wconf 84' lang='grc' dir='ltr'><strong><em>ίαν-</em></strong></span> 
     </span>
     <span class='ocr_line' id='line_1_23' title="bbox 278 2781 1268 2855; baseline -0.005 -18"><span class='ocrx_word' id='word_1_201' title='bbox 278 2784 313 2852; x_wconf 79' lang='grc' dir='ltr'><em>τῷ</em></span> <span class='ocrx_word' id='word_1_202' title='bbox 333 2785 361 2837; x_wconf 87' lang='lat' dir='ltr'><strong>G.</strong></span> <span class='ocrx_word' id='word_1_203' title='bbox 382 2781 395 2854; x_wconf 81' lang='grc' dir='ltr'><strong>ΙΙ</strong></span> <span class='ocrx_word' id='word_1_204' title='bbox 415 2786 447 2840; x_wconf 85' lang='grc' dir='ltr'><strong>τό</strong></span> <span class='ocrx_word' id='word_1_205' title='bbox 466 2782 566 2855; x_wconf 57' lang='lat' dir='ltr'><strong>diaeta</strong></span> <span class='ocrx_word' id='word_1_206' title='bbox 585 2791 616 2838; x_wconf 81' lang='grc' dir='ltr'><strong>Α.</strong></span> <span class='ocrx_word' id='word_1_207' title='bbox 688 2787 728 2838; x_wconf 88' lang='lat'><strong>16.</strong></span> <span class='ocrx_word' id='word_1_208' title='bbox 758 2786 882 2839; x_wconf 80' lang='grc' dir='ltr'><strong><em>κοινοῦσα</em></strong></span> <span class='ocrx_word' id='word_1_209' title='bbox 903 2784 982 2849; x_wconf 79' lang='grc' dir='ltr'>ΑΒῙ),</span> <span class='ocrx_word' id='word_1_210' title='bbox 1001 2786 1113 2838; x_wconf 77' lang='grc' dir='ltr'><strong><em>κινοῦσα</em></strong></span> <span class='ocrx_word' id='word_1_211' title='bbox 1129 2801 1205 2848; x_wconf 76' lang='lat' dir='ltr'><strong>marg.</strong></span> <span class='ocrx_word' id='word_1_212' title='bbox 1223 2782 1268 2833; x_wconf 71' lang='lat' dir='ltr'><strong>B.·=</strong></span> 
     </span>
     <span class='ocr_line' id='line_1_24' title="bbox 281 2869 907 2950; baseline -0.003 -26"><span class='ocrx_word' id='word_1_213' title='bbox 281 2875 321 2926; x_wconf 88' lang='grc'><strong>17.</strong></span> <span class='ocrx_word' id='word_1_214' title='bbox 348 2871 524 2926; x_wconf 86' lang='grc' dir='ltr'><strong><em>συντάττεται</em></strong></span> <span class='ocrx_word' id='word_1_215' title='bbox 543 2876 565 2924; x_wconf 83' lang='grc' dir='ltr'><strong>Α</strong></span> <span class='ocrx_word' id='word_1_216' title='bbox 583 2873 650 2937; x_wconf 73' lang='lat' dir='ltr'><strong>lleg.¹</strong></span> <span class='ocrx_word' id='word_1_217' title='bbox 678 2869 838 2925; x_wconf 73' lang='grc' dir='ltr'><strong><em>συνάπτεται</em></strong></span> <span class='ocrx_word' id='word_1_218' title='bbox 856 2872 907 2950; x_wconf 50' lang='grc'><strong>1)..</strong></span> 
     </span>
    </p>
   </div>
   <div class='ocr_carea' id='block_1_5' title="bbox 207 3005 1259 4293">
    <p class='ocr_par' dir='ltr' id='par_1_5' title="bbox 207 3005 1259 4293">
     <span class='ocr_line' id='line_1_25' title="bbox 208 3005 1258 3090; baseline -0.005 -23"><span class='ocrx_word' id='word_1_219' title='bbox 208 3010 373 3090; x_wconf 68' lang='lat' dir='ltr'><strong>plicamus,</strong></span> <span class='ocrx_word' id='word_1_220' title='bbox 399 3021 427 3067; x_wconf 90' lang='lat' dir='ltr'><strong>et</strong></span> <span class='ocrx_word' id='word_1_221' title='bbox 443 3032 458 3066; x_wconf 89' lang='lat' dir='ltr'><strong>a</strong></span> <span class='ocrx_word' id='word_1_222' title='bbox 478 3011 574 3087; x_wconf 89' lang='lat' dir='ltr'><strong>quibus</strong></span> <span class='ocrx_word' id='word_1_223' title='bbox 593 3008 651 3066; x_wconf 81' lang='lat' dir='ltr'><strong>vult</strong></span> <span class='ocrx_word' id='word_1_224' title='bbox 673 3011 769 3067; x_wconf 85' lang='lat' dir='ltr'><strong>iterum</strong></span> <span class='ocrx_word' id='word_1_225' title='bbox 788 3008 922 3078; x_wconf 82' lang='lat' dir='ltr'><strong>resiliens,</strong></span> <span class='ocrx_word' id='word_1_226' title='bbox 946 3008 1068 3065; x_wconf 85' lang='lat' dir='ltr'><strong>omnibus</strong></span> <span class='ocrx_word' id='word_1_227' title='bbox 1089 3005 1258 3064; x_wconf 77' lang='lat' dir='ltr'><strong>assimulatur</strong></span> 
     </span>
     <span class='ocr_line' id='line_1_26' title="bbox 210 3091 1258 3174; baseline -0.005 -22"><span class='ocrx_word' id='word_1_228' title='bbox 210 3107 238 3153; x_wconf 91' lang='lat' dir='ltr'><strong>et</strong></span> <span class='ocrx_word' id='word_1_229' title='bbox 254 3097 287 3152; x_wconf 89' lang='lat' dir='ltr'><strong>ab</strong></span> <span class='ocrx_word' id='word_1_230' title='bbox 306 3097 428 3153; x_wconf 90' lang='lat' dir='ltr'><strong>omnibus</strong></span> <span class='ocrx_word' id='word_1_231' title='bbox 446 3095 561 3153; x_wconf 75' lang='lat' dir='ltr'><strong>dissidet</strong></span> <span class='ocrx_word' id='word_1_232' title='bbox 579 3094 694 3165; x_wconf 83' lang='lat' dir='ltr'><strong>diversa,</strong></span> <span class='ocrx_word' id='word_1_233' title='bbox 712 3116 761 3174; x_wconf 86' lang='lat' dir='ltr'><strong>per</strong></span> <span class='ocrx_word' id='word_1_234' title='bbox 778 3099 895 3153; x_wconf 85' lang='lat' dir='ltr'><strong>rationes</strong></span> <span class='ocrx_word' id='word_1_235' title='bbox 914 3114 1075 3171; x_wconf 79' lang='lat' dir='ltr'><strong>congeneres</strong></span> <span class='ocrx_word' id='word_1_236' title='bbox 1093 3113 1158 3168; x_wconf 84' lang='lat' dir='ltr'><strong>quas</strong></span> <span class='ocrx_word' id='word_1_237' title='bbox 1177 3091 1211 3147; x_wconf 82' lang='lat' dir='ltr'><strong>de</strong></span> <span class='ocrx_word' id='word_1_238' title='bbox 1228 3110 1258 3148; x_wconf 80' lang='lat' dir='ltr'><strong>se</strong></span> 
     </span>
     <span class='ocr_line' id='line_1_27' title="bbox 211 3179 1258 3261; baseline -0.004 -23"><span class='ocrx_word' id='word_1_239' title='bbox 211 3186 320 3261; x_wconf 78' lang='lat' dir='ltr'><strong>promit,</strong></span> <span class='ocrx_word' id='word_1_240' title='bbox 339 3185 457 3239; x_wconf 78' lang='lat' dir='ltr'>annectit</span> <span class='ocrx_word' id='word_1_241' title='bbox 474 3203 504 3240; x_wconf 85' lang='lat' dir='ltr'><strong>se</strong></span> <span class='ocrx_word' id='word_1_242' title='bbox 522 3183 602 3239; x_wconf 89' lang='lat' dir='ltr'><strong>rebus</strong></span> <span class='ocrx_word' id='word_1_243' title='bbox 621 3202 689 3258; x_wconf 85' lang='lat' dir='ltr'><strong>quae</strong></span> <span class='ocrx_word' id='word_1_244' title='bbox 705 3202 769 3239; x_wconf 84' lang='lat' dir='ltr'><strong>vere</strong></span> <span class='ocrx_word' id='word_1_245' title='bbox 786 3193 849 3239; x_wconf 91' lang='lat' dir='ltr'><strong>sunt</strong></span> <span class='ocrx_word' id='word_1_246' title='bbox 866 3192 894 3238; x_wconf 90' lang='lat' dir='ltr'><strong>et</strong></span> <span class='ocrx_word' id='word_1_247' title='bbox 911 3200 978 3258; x_wconf 85' lang='lat' dir='ltr'><strong>quas</strong></span> <span class='ocrx_word' id='word_1_248' title='bbox 995 3188 1160 3255; x_wconf 77' lang='lat' dir='ltr'>generantur,</span> <span class='ocrx_word' id='word_1_249' title='bbox 1179 3179 1258 3234; x_wconf 85' lang='lat' dir='ltr'><strong>etiam</strong></span> 
     </span>
     <span class='ocr_line' id='line_1_28' title="bbox 210 3264 1257 3347; baseline -0.009 -20"><span class='ocrx_word' id='word_1_250' title='bbox 210 3269 262 3326; x_wconf 76' lang='lat' dir='ltr'><strong>dtis</strong></span> <span class='ocrx_word' id='word_1_251' title='bbox 280 3271 362 3347; x_wconf 87' lang='lat' dir='ltr'><strong>ipsis;</strong></span> <span class='ocrx_word' id='word_1_252' title='bbox 379 3267 461 3345; x_wconf 82' lang='lat' dir='ltr'><strong>idque</strong></span> <span class='ocrx_word' id='word_1_253' title='bbox 479 3288 528 3346; x_wconf 89' lang='lat' dir='ltr'><strong>per</strong></span> <span class='ocrx_word' id='word_1_254' title='bbox 545 3267 611 3326; x_wconf 85' lang='lat' dir='ltr'><strong>olias</strong></span> <span class='ocrx_word' id='word_1_255' title='bbox 629 3271 804 3325; x_wconf 84' lang='lat' dir='ltr'><strong>essentiarum</strong></span> <span class='ocrx_word' id='word_1_256' title='bbox 816 3278 844 3325; x_wconf 90' lang='lat' dir='ltr'><strong>et</strong></span> <span class='ocrx_word' id='word_1_257' title='bbox 854 3268 1033 3345; x_wconf 81' lang='lat' dir='ltr'><strong>potentiarum</strong></span> <span class='ocrx_word' id='word_1_258' title='bbox 1049 3264 1257 3329; x_wconf 82' lang='lat' dir='ltr'><strong>convenientias,</strong></span> 
     </span>
     <span class='ocr_line' id='line_1_29' title="bbox 210 3350 1258 3432; baseline -0.009 -21"><span class='ocrx_word' id='word_1_259' title='bbox 210 3375 288 3432; x_wconf 82' lang='lat' dir='ltr'><strong>quam</strong></span> <span class='ocrx_word' id='word_1_260' title='bbox 305 3356 401 3431; x_wconf 79' lang='lat' dir='ltr'><strong>quibus</strong></span> <span class='ocrx_word' id='word_1_261' title='bbox 419 3364 465 3409; x_wconf 86' lang='lat' dir='ltr'><strong>aut</strong></span> <span class='ocrx_word' id='word_1_262' title='bbox 481 3354 624 3411; x_wconf 80' lang='lat' dir='ltr'><strong>daemones</strong></span> <span class='ocrx_word' id='word_1_263' title='bbox 643 3364 688 3410; x_wconf 86' lang='lat' dir='ltr'><strong>aut</strong></span> <span class='ocrx_word' id='word_1_264' title='bbox 705 3352 803 3410; x_wconf 78' lang='lat' dir='ltr'><strong>heroes</strong></span> <span class='ocrx_word' id='word_1_265' title='bbox 820 3373 851 3409; x_wconf 85' lang='lat' dir='ltr'><strong>ss</strong></span> <span class='ocrx_word' id='word_1_266' title='bbox 868 3373 929 3410; x_wconf 88' lang='lat' dir='ltr'><strong>oum</strong></span> <span class='ocrx_word' id='word_1_267' title='bbox 945 3350 998 3407; x_wconf 84' lang='lat' dir='ltr'><strong>diis</strong></span> <span class='ocrx_word' id='word_1_268' title='bbox 1017 3356 1185 3405; x_wconf 78' lang='lat' dir='ltr'><strong>conuertunt.</strong></span> <span class='ocrx_word' id='word_1_269' title='bbox 1230 3356 1258 3403; x_wconf 87' lang='lat' dir='ltr'><strong>st</strong></span> 
     </span>
     <span class='ocr_line' id='line_1_30' title="bbox 209 3435 1259 3518; baseline -0.01 -21"><span class='ocrx_word' id='word_1_270' title='bbox 209 3462 358 3518; x_wconf 82' lang='lat' dir='ltr'><strong>quanquam</strong></span> <span class='ocrx_word' id='word_1_271' title='bbox 370 3450 505 3496; x_wconf 84' lang='lat' dir='ltr'><strong>aeteruum</strong></span> <span class='ocrx_word' id='word_1_272' title='bbox 515 3442 586 3496; x_wconf 82' lang='lat' dir='ltr'><strong>vitae</strong></span> <span class='ocrx_word' id='word_1_273' title='bbox 598 3438 694 3496; x_wconf 90' lang='lat' dir='ltr'><strong>similis</strong></span> <span class='ocrx_word' id='word_1_274' title='bbox 706 3449 734 3495; x_wconf 89' lang='lat' dir='ltr'><strong>et</strong></span> <span class='ocrx_word' id='word_1_275' title='bbox 745 3441 928 3517; x_wconf 78' lang='lat' dir='ltr'><strong>operationum</strong></span> <span class='ocrx_word' id='word_1_276' title='bbox 938 3447 1058 3492; x_wconf 89' lang='lat' dir='ltr'><strong>tenorem</strong></span> <span class='ocrx_word' id='word_1_277' title='bbox 1069 3435 1157 3490; x_wconf 90' lang='lat' dir='ltr'><strong>minus</strong></span> <span class='ocrx_word' id='word_1_278' title='bbox 1168 3443 1259 3489; x_wconf 83' lang='lat' dir='ltr'><strong>servet</strong></span> 
     </span>
     <span class='ocr_line' id='line_1_31' title="bbox 208 3518 1257 3604; baseline -0.01 -21"><span class='ocrx_word' id='word_1_279' title='bbox 208 3547 288 3604; x_wconf 83' lang='lat' dir='ltr'><strong>quam</strong></span> <span class='ocrx_word' id='word_1_280' title='bbox 305 3526 401 3582; x_wconf 84' lang='lat' dir='ltr'><strong>heroes</strong></span> <span class='ocrx_word' id='word_1_281' title='bbox 418 3535 446 3581; x_wconf 88' lang='lat' dir='ltr'><strong>et</strong></span> <span class='ocrx_word' id='word_1_282' title='bbox 463 3525 614 3594; x_wconf 82' lang='lat' dir='ltr'><strong>daemones,</strong></span> <span class='ocrx_word' id='word_1_283' title='bbox 633 3536 721 3582; x_wconf 83' lang='lat' dir='ltr'><strong>tamen</strong></span> <span class='ocrx_word' id='word_1_284' title='bbox 737 3546 786 3604; x_wconf 79' lang='lat' dir='ltr'><strong>per</strong></span> <span class='ocrx_word' id='word_1_285' title='bbox 804 3527 915 3582; x_wconf 81' lang='lat' dir='ltr'><strong>deorum</strong></span> <span class='ocrx_word' id='word_1_286' title='bbox 933 3522 1123 3596; x_wconf 78' lang='lat' dir='ltr'><strong>benignitatem</strong></span> <span class='ocrx_word' id='word_1_287' title='bbox 1146 3528 1173 3575; x_wconf 93' lang='lat' dir='ltr'><strong>et</strong></span> <span class='ocrx_word' id='word_1_288' title='bbox 1191 3518 1257 3575; x_wconf 87' lang='lat' dir='ltr'><strong>infu-</strong></span> 
     </span>
     <span class='ocr_line' id='line_1_32' title="bbox 208 3605 1257 3689; baseline -0.007 -19"><span class='ocrx_word' id='word_1_289' title='bbox 208 3633 266 3670; x_wconf 84' lang='lat' dir='ltr'><strong>sam</strong></span> <span class='ocrx_word' id='word_1_290' title='bbox 283 3612 317 3667; x_wconf 89' lang='lat' dir='ltr'><strong>ab</strong></span> <span class='ocrx_word' id='word_1_291' title='bbox 335 3609 390 3666; x_wconf 86' lang='lat' dir='ltr'><strong>illis</strong></span> <span class='ocrx_word' id='word_1_292' title='bbox 408 3609 631 3669; x_wconf 79' lang='lat' dir='ltr'><strong>illuminationem</strong></span> <span class='ocrx_word' id='word_1_293' title='bbox 648 3632 729 3689; x_wconf 85' lang='lat' dir='ltr'><strong>saepe</strong></span> <span class='ocrx_word' id='word_1_294' title='bbox 746 3611 827 3669; x_wconf 86' lang='lat' dir='ltr'><strong>altius</strong></span> <span class='ocrx_word' id='word_1_295' title='bbox 846 3608 975 3677; x_wconf 80' lang='lat' dir='ltr'><strong>aseendit,</strong></span> <span class='ocrx_word' id='word_1_296' title='bbox 994 3617 1021 3663; x_wconf 91' lang='lat' dir='ltr'><strong>et</strong></span> <span class='ocrx_word' id='word_1_297' title='bbox 1032 3608 1061 3662; x_wconf 93' lang='lat' dir='ltr'><strong>in</strong></span> <span class='ocrx_word' id='word_1_298' title='bbox 1072 3605 1193 3663; x_wconf 79' lang='lat' dir='ltr'><strong>ordinem</strong></span> <span class='ocrx_word' id='word_1_299' title='bbox 1204 3627 1257 3663; x_wconf 76' lang='lat' dir='ltr'><strong>ma·</strong></span> 
     </span>
     <span class='ocr_line' id='line_1_33' title="bbox 207 3691 1256 3773; baseline -0.006 -18"><span class='ocrx_word' id='word_1_300' title='bbox 207 3701 293 3756; x_wconf 90' lang='lat' dir='ltr'><strong>iorem</strong></span> <span class='ocrx_word' id='word_1_301' title='bbox 311 3694 458 3771; x_wconf 79' lang='lat' dir='ltr'><strong>angelicum</strong></span> <span class='ocrx_word' id='word_1_302' title='bbox 475 3696 604 3753; x_wconf 80' lang='lat' dir='ltr'><strong>evehitur.</strong></span> <span class='ocrx_word' id='word_1_303' title='bbox 652 3695 705 3754; x_wconf 85' lang='lat' dir='ltr'><strong>hoc</strong></span> <span class='ocrx_word' id='word_1_304' title='bbox 723 3699 829 3773; x_wconf 81' lang='lat' dir='ltr'><strong>quoties</strong></span> <span class='ocrx_word' id='word_1_305' title='bbox 840 3695 880 3763; x_wconf 83' lang='lat' dir='ltr'><strong>lit,</strong></span> <span class='ocrx_word' id='word_1_306' title='bbox 899 3714 954 3752; x_wconf 89' lang='lat' dir='ltr'><strong>non</strong></span> <span class='ocrx_word' id='word_1_307' title='bbox 965 3696 1018 3750; x_wconf 81' lang='lat' dir='ltr'><strong>iam</strong></span> <span class='ocrx_word' id='word_1_308' title='bbox 1030 3691 1143 3771; x_wconf 82' lang='lat' dir='ltr'><strong>amplius</strong></span> <span class='ocrx_word' id='word_1_309' title='bbox 1156 3694 1256 3749; x_wconf 86' lang='lat' dir='ltr'><strong>animae</strong></span> 
     </span>
     <span class='ocr_line' id='line_1_34' title="bbox 209 3778 1257 3859; baseline -0.006 -17"><span class='ocrx_word' id='word_1_310' title='bbox 209 3784 309 3842; x_wconf 85' lang='lat' dir='ltr'><strong>linibus</strong></span> <span class='ocrx_word' id='word_1_311' title='bbox 328 3783 493 3850; x_wconf 76' lang='lat' dir='ltr'><strong>continetur,</strong></span> <span class='ocrx_word' id='word_1_312' title='bbox 515 3782 564 3838; x_wconf 85' lang='lat' dir='ltr'><strong>sed</strong></span> <span class='ocrx_word' id='word_1_313' title='bbox 582 3792 641 3839; x_wconf 82' lang='lat' dir='ltr'><strong>tota</strong></span> <span class='ocrx_word' id='word_1_314' title='bbox 659 3785 687 3838; x_wconf 92' lang='lat' dir='ltr'><strong>in</strong></span> <span class='ocrx_word' id='word_1_315' title='bbox 705 3782 850 3859; x_wconf 70' lang='lat' dir='ltr'><strong>angelicam</strong></span> <span class='ocrx_word' id='word_1_316' title='bbox 867 3783 979 3836; x_wconf 84' lang='lat' dir='ltr'><strong>animam</strong></span> <span class='ocrx_word' id='word_1_317' title='bbox 996 3778 1097 3848; x_wconf 76' lang='lat' dir='ltr'><strong>evadit,</strong></span> <span class='ocrx_word' id='word_1_318' title='bbox 1120 3789 1147 3835; x_wconf 88' lang='lat' dir='ltr'><strong>et</strong></span> <span class='ocrx_word' id='word_1_319' title='bbox 1164 3781 1192 3836; x_wconf 92' lang='lat' dir='ltr'><strong>in</strong></span> <span class='ocrx_word' id='word_1_320' title='bbox 1209 3801 1257 3858; x_wconf 82' lang='lat' dir='ltr'><strong>pu·</strong></span> 
     </span>
     <span class='ocr_line' id='line_1_35' title="bbox 210 3865 1257 3946; baseline -0.006 -18"><span class='ocrx_word' id='word_1_321' title='bbox 210 3874 345 3928; x_wconf 85' lang='lat' dir='ltr'><strong>rissimam</strong></span> <span class='ocrx_word' id='word_1_322' title='bbox 361 3871 444 3927; x_wconf 86' lang='lat' dir='ltr'><strong>vitam</strong></span> <span class='ocrx_word' id='word_1_323' title='bbox 460 3866 578 3946; x_wconf 69' lang='lat' dir='ltr'><strong>periente</strong></span> <span class='ocrx_word' id='word_1_324' title='bbox 595 3871 725 3945; x_wconf 82' lang='lat' dir='ltr'><strong>pervenit.</strong></span> <span class='ocrx_word' id='word_1_325' title='bbox 773 3878 853 3943; x_wconf 79' lang='lat' dir='ltr'><strong>atque</strong></span> <span class='ocrx_word' id='word_1_326' title='bbox 874 3865 937 3922; x_wconf 85' lang='lat' dir='ltr'><strong>hine</strong></span> <span class='ocrx_word' id='word_1_327' title='bbox 961 3875 1004 3922; x_wconf 84' lang='lat' dir='ltr'><strong>est</strong></span> <span class='ocrx_word' id='word_1_328' title='bbox 1021 3865 1094 3943; x_wconf 86' lang='lat' dir='ltr'><strong>qnod</strong></span> <span class='ocrx_word' id='word_1_329' title='bbox 1115 3868 1201 3923; x_wconf 84' lang='lat' dir='ltr'><strong>anima</strong></span> <span class='ocrx_word' id='word_1_330' title='bbox 1219 3867 1257 3922; x_wconf 81' lang='lat' dir='ltr'><strong>vi·</strong></span> 
     </span>
     <span class='ocr_line' id='line_1_36' title="bbox 211 3953 1256 4030; baseline -0.008 -16"><span class='ocrx_word' id='word_1_331' title='bbox 211 3958 289 4014; x_wconf 84' lang='lat' dir='ltr'><strong>detur</strong></span> <span class='ocrx_word' id='word_1_332' title='bbox 309 3959 338 4013; x_wconf 92' lang='lat' dir='ltr'><strong>in</strong></span> <span class='ocrx_word' id='word_1_333' title='bbox 361 3977 391 4013; x_wconf 89' lang='lat' dir='ltr'><strong>se</strong></span> <span class='ocrx_word' id='word_1_334' title='bbox 414 3956 551 4012; x_wconf 87' lang='lat' dir='ltr'><strong>continere</strong></span> <span class='ocrx_word' id='word_1_335' title='bbox 575 3953 740 4010; x_wconf 77' lang='lat' dir='ltr'><strong>omnimodas</strong></span> <span class='ocrx_word' id='word_1_336' title='bbox 762 3954 891 4009; x_wconf 71' lang='lat' dir='ltr'><strong>aasentias</strong></span> <span class='ocrx_word' id='word_1_337' title='bbox 914 3961 941 4009; x_wconf 89' lang='lat' dir='ltr'><strong>et</strong></span> <span class='ocrx_word' id='word_1_338' title='bbox 957 3962 1118 4030; x_wconf 81' lang='lat' dir='ltr'><strong>potestates,</strong></span> <span class='ocrx_word' id='word_1_339' title='bbox 1140 3955 1256 4008; x_wconf 86' lang='lat' dir='ltr'><strong>rationes</strong></span> 
     </span>
     <span class='ocr_line' id='line_1_37' title="bbox 212 4036 1256 4119; baseline -0.008 -19"><span class='ocrx_word' id='word_1_340' title='bbox 212 4042 364 4100; x_wconf 78' lang='lat' dir='ltr'><strong>omnifarius</strong></span> <span class='ocrx_word' id='word_1_341' title='bbox 383 4053 410 4098; x_wconf 89' lang='lat' dir='ltr'><strong>et</strong></span> <span class='ocrx_word' id='word_1_342' title='bbox 427 4043 533 4119; x_wconf 84' lang='lat' dir='ltr'><strong>speeies</strong></span> <span class='ocrx_word' id='word_1_343' title='bbox 552 4042 697 4096; x_wconf 82' lang='lat' dir='ltr'><strong>universas.</strong></span> <span class='ocrx_word' id='word_1_344' title='bbox 746 4038 795 4096; x_wconf 84' lang='lat' dir='ltr'><strong>sed</strong></span> <span class='ocrx_word' id='word_1_345' title='bbox 816 4041 841 4096; x_wconf 89' lang='lat' dir='ltr'><strong>si</strong></span> <span class='ocrx_word' id='word_1_346' title='bbox 857 4059 949 4097; x_wconf 87' lang='lat' dir='ltr'><strong>verum</strong></span> <span class='ocrx_word' id='word_1_347' title='bbox 966 4037 1043 4096; x_wconf 82' lang='lat' dir='ltr'><strong>lateri</strong></span> <span class='ocrx_word' id='word_1_348' title='bbox 1060 4048 1190 4117; x_wconf 81' lang='lat' dir='ltr'><strong>oporteat,</strong></span> <span class='ocrx_word' id='word_1_349' title='bbox 1212 4036 1256 4092; x_wconf 87' lang='lat' dir='ltr'><strong>de·</strong></span> 
     </span>
     <span class='ocr_line' id='line_1_38' title="bbox 212 4123 1257 4205; baseline -0.009 -19"><span class='ocrx_word' id='word_1_350' title='bbox 212 4132 368 4187; x_wconf 86' lang='lat' dir='ltr'><strong>terminatur</strong></span> <span class='ocrx_word' id='word_1_351' title='bbox 387 4128 432 4185; x_wconf 88' lang='lat' dir='ltr'><strong>illa</strong></span> <span class='ocrx_word' id='word_1_352' title='bbox 451 4128 559 4205; x_wconf 85' lang='lat' dir='ltr'><strong>quidem</strong></span> <span class='ocrx_word' id='word_1_353' title='bbox 576 4145 682 4204; x_wconf 84' lang='lat' dir='ltr'><strong>semper</strong></span> <span class='ocrx_word' id='word_1_354' title='bbox 700 4125 734 4182; x_wconf 85' lang='lat' dir='ltr'><strong>ad</strong></span> <span class='ocrx_word' id='word_1_355' title='bbox 751 4146 832 4182; x_wconf 91' lang='lat' dir='ltr'><strong>unum</strong></span> <span class='ocrx_word' id='word_1_356' title='bbox 844 4126 918 4203; x_wconf 87' lang='lat' dir='ltr'><strong>quid,</strong></span> <span class='ocrx_word' id='word_1_357' title='bbox 936 4126 985 4183; x_wconf 83' lang='lat' dir='ltr'><strong>sed</strong></span> <span class='ocrx_word' id='word_1_358' title='bbox 997 4127 1084 4184; x_wconf 84' lang='lat' dir='ltr'><strong>causis</strong></span> <span class='ocrx_word' id='word_1_359' title='bbox 1099 4123 1257 4203; x_wconf 78' lang='lat' dir='ltr'><strong>praeseden-</strong></span> 
     </span>
     <span class='ocr_line' id='line_1_39' title="bbox 213 4211 1191 4293; baseline -0.007 -20"><span class='ocrx_word' id='word_1_360' title='bbox 213 4217 284 4273; x_wconf 83' lang='lat' dir='ltr'><strong>tibus</strong></span> <span class='ocrx_word' id='word_1_361' title='bbox 302 4215 368 4273; x_wconf 83' lang='lat' dir='ltr'><strong>alias</strong></span> <span class='ocrx_word' id='word_1_362' title='bbox 386 4215 446 4274; x_wconf 84' lang='lat' dir='ltr'><strong>aliis</strong></span> <span class='ocrx_word' id='word_1_363' title='bbox 465 4235 494 4272; x_wconf 89' lang='lat' dir='ltr'><strong>se</strong></span> <span class='ocrx_word' id='word_1_364' title='bbox 513 4217 599 4293; x_wconf 79' lang='lat' dir='ltr'><strong>ipsam</strong></span> <span class='ocrx_word' id='word_1_365' title='bbox 616 4212 806 4284; x_wconf 82' lang='lat' dir='ltr'><strong>accommodat,</strong></span> <span class='ocrx_word' id='word_1_366' title='bbox 824 4223 850 4270; x_wconf 85' lang='lat' dir='ltr'><strong>et</strong></span> <span class='ocrx_word' id='word_1_367' title='bbox 868 4234 928 4271; x_wconf 85' lang='lat' dir='ltr'><strong>oum</strong></span> <span class='ocrx_word' id='word_1_368' title='bbox 944 4211 1000 4271; x_wconf 91' lang='lat' dir='ltr'><strong>illis</strong></span> <span class='ocrx_word' id='word_1_369' title='bbox 1017 4212 1191 4269; x_wconf 81' lang='lat' dir='ltr'><strong>connectitur.</strong></span> 
     </span>
    </p>
   </div>
   <div class='ocr_carea' id='block_1_6' title="bbox 0 0 1397 4876">
    <p class='ocr_par' dir='ltr' id='par_1_6' title="bbox 0 0 1397 4876">
     <span class='ocr_line' id='line_1_40' title="bbox 0 0 1397 4876; baseline 0 0"><span class='ocrx_word' id='word_1_370' title='bbox 0 0 1397 4876; x_wconf 95' lang='lat' dir='ltr'><strong> </strong></span> 
     </span>
    </p>
   </div>
  </div>
 </body>
</html>
