2776 4876
134 347 204 413 ³‚20
1137 358 1190 412 lta

134 508 334 590 κατεχομένη
364 502 462 585 ἱκανή
487 530 568 573 ποτε
601 501 644 573 to
672 514 799 593 γένοιτο
828 507 911 596 πρὸς
939 505 999 591 τὴν
1031 509 1189 594 τοιαύτην

134 621 307 704 ἐνέργειαν,
323 612 382 681 οὐκ
396 617 484 683 ἔστιν
499 614 651 703 οὐδαμῶς
665 623 762 686 τοῦτο
779 615 915 705 εύλογον
930 619 1186 708 ὑπολαμβάνειν.

99 743 114 792 3
222 729 266 792 El
288 720 353 811 γάρ
374 724 440 793 πού
461 753 494 793 τι
514 731 570 792 καὶ
593 729 753 815 δοκοῦμεν
768 728 852 798 εἶναι
868 732 1003 799 δυνατοὶ
1021 743 1127 799 ποιεῖν
1141 737 1188 818 τῷ

132 841 276 922 μετέχειν
297 839 354 902 καὶ
375 835 658 925 καταλάμπισθαι
679 837 744 908 ὑπό
766 848 832 909 τῶν
854 845 954 922 θεῶν,
976 839 1081 927 τούτῳ
1096 841 1187 930 μόνῳ

132 950 270 1028 καὶτῆς
294 950 393 1025 θείας
416 953 578 1036 ἐνεργείας
607 950 827 1038 ἀπολαύομεν.
873 949 929 1019 διά
957 956 1054 1036 τοῦτο
1084 952 1187 1040 ούχη

99 1056 193 1138 arria
216 1063 340 1126 οἰκείαν
361 1063 481 1145 έχονσα
504 1057 625 1150 άρετην
647 1067 704 1130 καὶ
725 1062 890 1154 φρόνησιν
904 1062 1003 1156 ψυχή,
1025 1062 1108 1144 αὕτη
1131 1068 1187 1132 καὶ

132 1174 198 1235 τῶν
220 1172 325 1237 θείων
347 1173 450 1259 έργων
471 1178 610 1258 μετέχει·
632 1178 743 1241 καίτοι
765 1181 792 1241 ει
806 1178 916 1264 ψυχῆς
930 1166 973 1256 ἦν
987 1171 1030 1242 τά
1046 1177 1187 1242 τοιαῦτα

131 1284 219 1369 ἔργα,
240 1276 264 1362 η’“
284 1284 378 1348 πᾶσα
401 1278 444 1348 rto
466 1278 551 1350 αύτά
572 1281 663 1372 ψυχὴ
685 1284 906 1374 ἀπειργάζετο,
928 1280 951 1367 ἢ
971 1283 1058 1370 μόνη
1080 1285 1102 1368 ἡ
1125 1281 1187 1366 τὴν

98 1397 257 1460 εοίιιείαν
279 1395 399 1479 ἔχουσα
421 1391 625 1475 τελειότητα·
660 1399 720 1463 νῦν
742 1398 777 1462 δὲ
805 1397 960 1484 οὐδετέρα
983 1395 1090 1464 αὐτῶν
1113 1402 1185 1463 ἱκα-

132 1505 197 1581 νῶς
219 1510 264 1581 εις
285 1506 384 1571 τοῦτο
406 1503 685 1592 παρεσκεύασται·
708 1504 865 1575 ἀλλὰκαὶ
885 1507 907 1589 ἡ
923 1510 1030 1574 τελεία
1046 1507 1090 1585 ὡς
1102 1507 1186 1596 πρὸς

132 1610 192 1694 την
213 1617 316 1680 θείαν
337 1612 503 1704 ἐνέργειαν
525 1623 613 1684 ἐστιν
635 1616 761 1698 ἀτελής.
799 1615 884 1700 άλλη
900 1615 967 1706 όίρα
982 1617 1004 1700 ἡ
1019 1616 1186 1705 θεονργός

79 1740 114 1790 12
132 1729 284 1812 ἐνέργεια,
306 1730 363 1792 καί
384 1725 477 1814 παρά
498 1724 610 1811 μόνων
634 1730 725 1795 θεῶν
747 1728 768 1810 ἡ
791 1733 856 1796 τῶν
879 1732 984 1796 θείων
1006 1731 1109 1817 ἔργον
1132 1734 1184 1794 έν·

131 1837 260 1901 δίδοται
280 1834 506 1925 κατόρθωσις,
534 1841 602 1903 ἐπεὶ
626 1837 695 1905 οὐδ’
715 1843 813 1927 ἐχρῆν
836 1838 920 1918 ὅλως
949 1844 987 1928 τῇ
1017 1841 1184 1927 θεραπεία

131 1951 196 2013 τῶν
218 1949 310 2014 θεῶν
330 1950 496 2035 χρῆσθαι,
526 1943 614 2013 ἀλλὰ
636 1947 740 2034 τούτῳ
767 1974 804 2035 γε
831 1952 877 2036 τῷ
904 1948 991 2035 λόγῳ
1019 1946 1098 2016 άνευ
1126 1951 1185 2031 τῆς

79 2077 112 2128 15
131 2060 314 2145 θρησκείας
335 2057 415 2145 παρ’
432 2061 558 2125 ἑαυτῶν
580 2053 623 2124 όίν
645 2059 725 2144 ἡμῖν
745 2059 868 2149 ὑπῆρξε
891 2056 933 2127 τά
954 2063 1036 2127 θεῖα
1052 2057 1183 2146 ἀγαθά.

132 2175 157 2235 εὶ
187 2164 228 2249 δὴ
257 2171 362 2235 ταῦτα
390 2166 539 2254 μανιώδη
569 2164 611 2235 τά
640 2168 837 2256 δοξάοματά
865 2177 934 2237 έστι
961 2176 1017 2238 καὶ
1047 2168 1183 2251 ἀνόητα,

130 2279 346 2370 ἀφίστασθαι
366 2276 430 2367 χρη
453 2283 510 2346 καὶ
532 2283 590 2361 τῆς
620 2279 772 2361 τοιαύτης
800 2280 958 2359 ὑπονοίας
965 2331 973 2360 ,
1002 2281 1045 2359 ὡς
1074 2285 1185 2347 αἰτίαν

201 2515 225 2566 3.
253 2508 305 2577 roi]
324 2509 359 2560 oie
378 2509 432 2574 AC,
459 2510 491 2562 τό
511 2511 544 2563 0.
617 2515 641 2564 5.
669 2508 842 2581 άπολάβομεν
860 2511 890 2564 B.
965 2514 989 2564 6.
1018 2515 1130 2578 ἔχουσαν
1150 2511 1183 2564 D.

201 2600 225 2649 7.
253 2600 277 2650 εἰ
294 2617 344 2648 om.
364 2596 396 2648 ί).
493 2596 518 2648 8·
546 2593 719 2669 ἀπηργάζετο
733 2599 767 2650 D.
864 2600 889 2651 9.
917 2593 1030 2664 ίχονσα]
1049 2596 1084 2649 sic
1104 2596 1183 2660 Act),

200 2681 332 2749 ἀνέχοντα
350 2680 381 2745 Β,
399 2701 449 2735 orn,
470 2682 501 2734 0.
524 2676 536 2749 ΙΙ
557 2682 620 2750 νῦν]
638 2683 674 2737 sic
693 2684 756 2736 Gale
774 2698 825 2736 not.
857 2681 918 2737 νοῦν
938 2684 971 2736 0.
1084 2683 1125 2735 14.
1153 2702 1182 2748 γε

200 2768 310 2820 additum
329 2786 358 2819 ex
377 2767 430 2820 AC.
521 2770 562 2821 17.
589 2765 736 2840 ἀφιστάναι
755 2772 785 2834 Α,
814 2765 919 2840 άφίστα
938 2769 969 2833 C,
997 2764 1111 2838 ripam..
1131 2767 1163 2819 D.

130 3000 208 3076 digne
226 3001 284 3055 eius
296 2997 463 3054 incommoda
481 2998 679 3058 demonstrarit.
725 3000 859 3079 memorio
871 3001 953 3077 igitur
965 3001 1050 3056 anima
1063 2996 1111 3053 tali
1122 3017 1182 3054 exa·

129 3089 200 3142 mine
218 3083 348 3142 malorum
366 3085 476 3142 obsessa
495 3095 555 3163 apta
574 3087 634 3143 fieri
650 3090 739 3165 possit
756 3087 790 3143 ad
807 3086 887 3144 talem
905 3087 1096 3163 operationem,
1116 3102 1181 3138 sane

128 3171 180 3229 hoe
197 3192 252 3227 non
269 3180 312 3227 est
329 3170 432 3227 creditu
451 3170 535 3228 facila.

200 3255 231 3311 si
249 3255 355 3332 quanm
373 3277 438 3315 vero
456 3258 594 3315 videamur
610 3257 664 3314 talo
682 3259 748 3334 qnid
759 3279 843 3337 posse
855 3267 885 3314 ut
897 3257 1007 3313 deorum
1020 3255 1182 3330 aspiratione

127 3343 332 3422 participemus,
356 3362 388 3399 eo
412 3343 595 3400 tantummodo
619 3354 647 3400 et
668 3344 757 3402 divina
781 3347 936 3421 operatione
957 3340 1076 3397 fruimur.
1121 3357 1183 3413 qna·

127 3439 239 3508 propter
256 3431 343 3486 anima
366 3438 495 3507 qnatenm
513 3450 588 3486 suam
610 3429 692 3486 habet
714 3440 761 3487 ant
782 3439 945 3510 potestatem
967 3437 1012 3483 aut
1034 3421 1182 3499 intelligen-

127 3516 200 3582 tiam,
211 3533 266 3569 non
277 3523 320 3570 εει
330 3517 466 3592 particeps
479 3535 590 3593 operum
601 3515 759 3574 divinorum.
805 3518 950 3592 quinetiam
962 3515 986 3570 si
999 3513 1087 3570 divina
1101 3528 1182 3588 opero

127 3599 364 3679 proficiscerentur
381 3600 414 3656 ab
432 3602 532 3667 anima,
556 3610 614 3658 tum
635 3601 677 3658 vel
695 3604 783 3658 omnis
801 3604 888 3657 anima
906 3604 990 3657 istaec
1009 3598 1115 3665 ederet,
1137 3593 1182 3652 rel

128 3707 159 3742 ea
177 3683 235 3740 sola
254 3704 322 3760 quae
339 3688 476 3763 propriam
492 3696 569 3742 nacta
590 3697 664 3743 esset
685 3686 883 3764 perfectionem.
929 3688 981 3742 iam
1002 3703 1067 3741 vero
1089 3692 1182 3739 neutro

129 3773 197 3828 satis
216 3768 334 3827 adhaec
352 3770 447 3828 idonea
466 3781 523 3827 est:
545 3791 607 3828 nam
624 3771 743 3851 perfeeto
761 3773 846 3827 anima
864 3769 898 3826 ad
917 3770 1032 3826 divinam
1051 3769 1182 3851 operatio·

129 3878 190 3914 nem
207 3866 250 3913 est
267 3854 428 3933 imperfecta.
476 3876 558 3931 qnare
574 3855 655 3933 longe
672 3856 722 3914 alia
745 3866 789 3912 est
812 3854 902 3912 divina
924 3857 1058 3932 operatio,
1082 3854 1182 3912 divina·

130 3964 241 4019 rumque
259 3944 443 4022 operationum
460 3944 605 4019 praestatio
623 3963 639 3997 a
656 3940 724 3997 solis
742 3940 795 3997 (liis
813 3940 893 3996 nobis
910 3942 1045 4009 inseritur,
1063 3939 1182 4015 alioquin

130 4049 185 4085 non
204 4039 342 4106 oporteret
358 4029 469 4085 deorum
488 4025 573 4083 onltni
590 4047 693 4094 vacare,
716 4046 777 4083 nam
795 4047 828 4084 ex
845 4026 895 4083 hae
913 4029 1017 4085 ratione
1034 4029 1093 4082 sine
1109 4022 1183 4079 omni

131 4113 258 4190 religioso
282 4114 412 4191 obsequio
436 4113 526 4170 divina
549 4112 628 4169 nohis
650 4133 699 4192 per
720 4133 770 4169 nos
794 4115 869 4192 ipsos
891 4116 1011 4170 inessent
1032 4110 1109 4165 bona.
1157 4109 1182 4164 si

132 4203 213 4276 igitur
229 4203 322 4259 insana
340 4203 396 4258 sint
413 4200 478 4257 haee
496 4200 620 4274 dogmata
638 4209 666 4256 et
682 4199 852 4258 abhorrentia
870 4201 1019 4265 aratione,
1039 4193 1183 4250 abhorrere
