2776 4876
132 425 137 430 ἡ
210 344 262 398 172
1194 343 1266 408 &29

209 503 277 577 θος
299 503 364 565 τῶν
387 497 576 585 ἀπορροιῶν
600 497 743 576 ἀσθενὲς
756 503 812 564 καὶ
828 498 977 579 ἐξίτηλον
992 496 1264 583 ἐπιδεικνύμενον.

209 609 281 675 ἀλλ’
302 617 329 676 εί
350 604 397 693 μὴ
419 611 535 689 ταῦτα,
557 606 596 675 τὸ
619 607 761 694 μόνιμον
789 608 927 698 πάρεστι
955 620 1024 686 τοῖς
1046 605 1191 685 είδιύλοις
1213 605 1266 687 οἷς

209 725 358 805 λέγουσιν
381 712 488 803 οὗτοι,
511 722 636 788 πολλοῦ
657 745 693 804 ys
715 726 771 787 καὶ
793 723 851 787 δεῖ.
896 725 964 787 ἐπεὶ
987 717 1094 788 ταύτά
1115 744 1152 803 γε
1178 717 1263 787 πολύ
1282 743 1298 794 3

209 835 340 898 θᾶττον
363 837 427 898 τῶν
449 839 484 898 ὲν
505 830 702 920 κατόπτροις
732 833 904 918 ὁρωμένων
927 829 1067 899 εἰδώλων
1096 830 1263 915 ἀποσβέν-

207 967 310 1010 νυται.
355 946 560 1021 ἐπιτιθέντος
588 947 648 1027 μὲν
669 942 734 1030 γάρ
764 946 823 1010 τοῦ
851 941 1069 1028 θυμιάματος
1098 939 1166 1009 ἀπὸ
1195 946 1263 1009 τῶν

207 1053 465 1144 ἀναφερομένων
493 1053 606 1138 ἀτμῶν
636 1058 829 1122 συνίσταται
859 1052 975 1132 εὐθύς,
1006 1053 1298 1141 ἀνακραθέντοςς

207 1167 242 1231 δὲ
266 1172 310 1243 είς
334 1162 393 1233 τάν
416 1163 496 1232 ὅλον
518 1165 601 1253 ἀέρα
631 1170 688 1233 καὶ
716 1167 934 1254 διαχυθέντος
961 1169 1018 1233 καὶ
1045 1160 1127 1231 αύτδ
1158 1161 1262 1242 εὐθὺς

206 1279 400 1357 διαλέλυται,
423 1282 479 1344 καὶ
501 1276 569 1344 οὐδ’
589 1277 698 1366 ἀκαρῆ
720 1283 862 1368 πέφυκεν
884 1282 1053 1363 ἐπιμένειν.

294 1385 356 1455 Διά
379 1394 411 1454 τί
434 1383 474 1470 δὴ
498 1381 557 1456 οὖν
580 1393 673 1457 ἔσται
688 1387 970 1477 περισπούδαστος
985 1388 1082 1475 ἀνδρὶ
1098 1386 1298 1479 prindrai-u

204 1525 281 1585 μονι
303 1505 362 1581 τῆς
385 1500 550 1581 ἀληθείας
572 1500 593 1582 ἡ
624 1497 755 1588 περιττὴ
785 1498 869 1581 αὕτη
898 1503 1170 1584 θαυματοποιίας
1198 1494 1261 1584 ἐγώ

204 1615 264 1695 μὲν
289 1608 422 1688 οὐδενὸς
437 1611 536 1692 ἀξίαν
551 1605 655 1690 αὐτὴν
668 1611 820 1697 ἡγοῦμαι.
867 1616 923 1678 καὶ
938 1618 965 1678 εί
980 1615 1039 1696 μὲν
1053 1611 1261 1694 γινώσκονσα

205 1717 290 1788 αύτά
312 1727 418 1788 ταῦτα
440 1721 493 1813 ἐφ’
514 1720 563 1799 οἱς
585 1719 764 1788 ἐσπούδακε
791 1728 847 1791 καὶ
869 1727 943 1808 περὶ
966 1719 989 1787 ἀ
1012 1723 1186 1810 διατρίβει,
1217 1719 1260 1789 τά
1281 1742 1314 1792 12

120 1916 125 1923 x
203 1831 385 1915 addducere
406 1837 465 1911 τῆς
493 1835 703 1917 παμπαθοῦς
723 1832 805 1914 ὕλης
833 1831 1027 1914 ἀσπάζεται,
1058 1833 1188 1901 ἁπλοῦν
1216 1827 1260 1900 ἀν

204 1947 272 2030 ίχοι
294 1940 332 2010 τδ
355 1942 465 2010 κακόν.
511 1940 597 2025 πλὴν
620 1943 724 2011 ἐκεῖνό
753 1971 789 2030 ys
818 1945 902 2038 αὐτῇ
928 1943 1079 2032 ὑπάρξει,
1109 1940 1147 2010 τὸ
1171 1943 1259 2034 ἀφο·

203 2059 397 2140 μοιωθῆναι
417 2067 488 2131 τοῖς
510 2051 654 2132 ελδύλοις
668 2063 703 2122 ἐν
719 2052 768 2132 οἷς
783 2052 842 2137 τὴν
856 2061 967 2122 πίστιν
982 2060 1102 2136 ἑαυτῆς
1118 2057 1258 2141 ἵδρυσιν.
1281 2081 1313 2131 15

204 2173 231 2231 st
253 2169 287 2232 δὲ
310 2172 366 2232 καὶ
388 2167 431 2242 ὡς
452 2171 550 2242 θοοῖς
572 2171 723 2254 προσέχοι
745 2177 815 2243 τοῖς
838 2163 981 2243 εἰδώλοις
1010 2163 1153 2244 τούτοις,
1183 2161 1259 2233 σύτο

275 2333 299 2382 1.
327 2325 458 2400 ἀπορριῶν
477 2331 508 2392 Α,
534 2323 655 2399 ἀπορίαν
675 2328 703 2390 C,
730 2325 847 2398 ἀποριῶν
865 2327 898 2377 D.
1035 2330 1060 2379 2.
1086 2325 1206 2397 μύννμον
1225 2329 1258 2380 D.

272 2419 298 2468 d.
309 2419 332 2469 5.
360 2418 538 2484 ἐπισβένννται
556 2415 589 2467 0.
680 2416 704 2465 5.
732 2417 902 2473 ἐπιτεθέντος
920 2414 979 2465 ΑΙ).
1074 2417 1098 2466 7.
1128 2415 1155 2466 δὲ
1173 2415 1259 2467 addidi

273 2525 301 2554 ex
323 2503 402 2554 ACD.
426 2494 439 2569 ΙΙ
463 2517 519 2569 post
537 2495 604 2572 ἀέρα
622 2501 670 2552 ΑΙ)
690 2501 746 2552 add.
765 2495 859 2564 αὐτοῦ,
879 2501 899 2553 C
918 2501 974 2553 add.
994 2494 1063 2553 αύτά
1088 2496 1100 2570 ΙΙ
1124 2496 1206 2560 αὖτὸς
1224 2503 1258 2554 0.

274 2593 298 2642 8.
327 2586 430 2660 ἀκαρῆ]
449 2588 484 2640 sic
503 2587 556 2650 AC,
583 2583 678 2658 ἀκαρεῖ
695 2588 727 2649 D,
755 2579 850 2657 ἀταρέλ
868 2588 901 2640 Ο.
1027 2588 1115 2639 8-9.
1144 2593 1259 2656 πέφυκεν

277 2671 391 2747 -ἀνδρλ
408 2695 459 2726 om.
486 2689 510 2725 et
531 2673 603 2743 punit
627 2675 653 2725 iu
672 2693 747 2738 marg.
767 2693 804 2741 pr.
824 2693 858 2724 m.
888 2675 920 2725 D.
1065 2675 1106 2726 10.
1134 2669 1204 2741 αὐτὴ
1224 2676 1257 2726 0.

276 2764 317 2813 11.
346 2759 384 2826 τί]
403 2761 437 2812 sic
456 2763 478 2811 Α
497 2775 519 2810 et
539 2779 616 2826 marg.
634 2761 665 2824 B,
692 2758 761 2827 ἦΟ.
875 2761 915 2812 13.
945 2757 1131 2830 παμποιθοῦς]
1151 2760 1186 2810 sic
1206 2758 1258 2823 AC,

275 2848 418 2914 tpuador'rc
443 2848 476 2897 0.
585 2847 627 2897 14.
655 2848 704 2912 ἔχει
724 2848 754 2896 Α.
863 2848 904 2898 15.
932 2845 1040 2915 ἑαυτῆς]
1064 2846 1099 2898 sic
1118 2846 1181 2898 Galc
1198 2860 1259 2906 not,

276 2936 380 2990 ἑαυτοῖς
399 2931 419 2983 C
439 2932 508 2996 δας,
534 2937 559 2984 ἐν
578 2927 667 2990 αύτοῖς
686 2932 719 2984 0.

204 3092 378 3149 adventitium
397 3091 470 3169 quid,
488 3092 646 3168 infirmaque
664 3101 706 3147 est
723 3101 751 3148 et
763 3091 841 3148 exilia
854 3103 971 3170 apparet
1016 3102 1044 3149 at
1056 3093 1081 3148 si
1093 3091 1157 3148 baec
1170 3094 1260 3148 omnia

206 3201 260 3236 non
278 3181 444 3257 reperiantur
462 3181 490 3234 in
507 3177 589 3235 idolis
609 3178 642 3233 de
661 3179 757 3255 quibus
776 3181 821 3234 isti
840 3178 993 3255 loquuntur,
1017 3177 1110 3234 saltem
1129 3177 1260 3234 stabilita·

204 3277 258 3323 tem
276 3266 391 3323 babent?
417 3286 591 3343 nequaquam.
636 3285 697 3321 nam
715 3264 781 3322 haec
804 3265 875 3322 idola
897 3265 1018 3322 velocius
1042 3286 1120 3342 quam
1144 3265 1258 3341 quaein

203 3352 321 3432 speculis
339 3360 469 3430 apparent
488 3363 656 3407 evanescunt.
701 3352 807 3428 quando
826 3355 896 3408 euim
908 3351 1066 3430 admovetur
1077 3350 1258 3425 suffumigatiu

203 3441 348 3518 vaporibus
358 3437 551 3506 exhalantibus,
563 3441 686 3515 protinus
696 3438 885 3504 conficiuntur3
898 3449 926 3494 at
938 3459 999 3495 cum
1010 3458 1060 3516 per
1071 3447 1156 3494 totum
1167 3442 1259 3493 adrem

203 3525 367 3582 dissolvatur
386 3535 413 3580 et
431 3523 595 3581 diffundatur
613 3526 801 3601 suffumigatio‚
824 3524 927 3582 idolum
946 3545 1053 3601 quoque
1070 3525 1161 3581 statim
1178 3522 1259 3578 dissi·

203 3621 294 3688 patus,
317 3633 367 3668 nec
388 3611 432 3668 vel
455 3613 565 3667 minimo
587 3613 717 3689 temporis
734 3620 835 3688 puncto
859 3633 893 3668 ex
916 3622 1009 3668 natura
1031 3632 1080 3668 sua
1102 3629 1259 3688 permanere

202 3705 302 3775 potest.

276 3780 333 3837 Cur
352 3804 414 3860 ergo
433 3783 548 3862 aliquam
567 3805 676 3863 operam
693 3783 860 3861 impenderet
877 3787 983 3862 ineptae
1001 3784 1063 3841 huic
1075 3783 1259 3861 prodigiorum

202 3869 307 3926 fictioni
323 3872 444 3926 veritatis
457 3891 552 3929 amans
571 3873 690 3928 animus?
718 3869 842 3947 equidem
853 3870 928 3927 nullo
940 3892 1012 3949 pono
1025 3874 1053 3926 in
1064 3873 1161 3950 pretio.
1198 3889 1259 3925 nam

202 3965 231 4012 et
247 3954 342 4011 barum
359 3959 559 4034 praestigiarum
578 3958 695 4015 artifices
713 3960 738 4014 si
755 3969 899 4035 agnoscant
911 3958 978 4016 haec
989 3980 1038 4016 sua
1049 3958 1174 4036 figmenta
1187 3957 1258 4012 circa

203 4062 271 4118 quaa
289 4050 453 4117 occupantur
471 4052 498 4098 et
515 4055 663 4112 versantur,
687 4064 747 4101 esse
764 4045 799 4101 de
817 4047 925 4102 materia
945 4046 1067 4102 omnibus
1086 4045 1259 4124 passionibus

203 4129 327 4196 obnoxia,
346 4137 374 4183 et
391 4137 479 4184 tamen
497 4131 531 4185 iis
550 4130 728 4200 delectentur,
752 4131 819 4187 nihil
842 4153 895 4188 non
919 4132 981 4188 mali
1004 4133 1111 4189 babent.
1158 4132 1207 4189 sed
1231 4143 1259 4188 et

202 4211 269 4271 illud
287 4218 321 4272 iis
340 4215 439 4284 aderit,
463 4215 536 4292 quod
554 4217 656 4274 similes
674 4221 729 4275 siut
746 4221 806 4276 istis
824 4221 881 4275 suis
904 4218 985 4277 idolis
1010 4225 1037 4277 in
1062 4221 1159 4297 quibus
1177 4220 1260 4277 fidem
