2776 4876
157 354 212 407 uuo
1141 349 1210 412 o,15

158 513 215 575 καὶ
238 503 356 590 δήμοις
378 505 437 572 οὐκ
466 503 719 588 ἀπολελυμένας
748 506 807 583 τῆς
833 504 1063 590 γενεσιονργοῦ
1091 507 1212 590 μοίρας

158 623 214 685 καὶ
236 622 294 698 τῆς
315 615 533 702 ἀπεχομένας
548 618 611 682 τῶν
626 611 788 699 σωμάτων
802 615 983 691 κοινωνίας,
1006 619 1032 679 εί
1052 607 1099 698 μὴ
1115 610 1215 679 δώσει

160 755 206 806 τις
228 723 287 794 τόν
310 730 461 794 τοιοῦτον
482 725 607 814 τρόπον
628 730 687 806 τῆς
709 725 891 810 ἁγιστείας,
918 723 1117 817 ἀμφοτέρων
1140 726 1249 789 δια-3

158 836 332 925 μαρτήσει,
363 842 419 904 καὶ
441 841 507 904 τῶν
528 835 638 904 ἀόίων
660 836 804 920 ἀγαθῶν
831 839 888 903 καὶ
914 839 981 903 τῶν
1003 833 1156 901 totilam·-
1171 828 1216 899 τά

157 954 217 1036 μίν
238 944 302 1036 γάρ
326 947 365 1015 oa)
387 945 525 1015 δύναται
547 945 727 1027 δέξασθαι,
757 959 826 1025 τοῖς
854 950 896 1013 aa
918 944 958 1014 οά
986 943 1147 1034 προσάγει
1174 940 1215 1011 τό

159 1068 288 1128 οἰκεῖον.
326 1064 382 1125 καὶ
404 1056 477 1143 ἀμα
499 1066 636 1135 ἕκαστος
658 1055 814 1125 καθόσον
836 1061 935 1138 ἐστίν,
957 1054 998 1129 οὐ
1019 1059 1134 1141 μέντοι
1154 1077 1250 1127 aro-c

159 1168 270 1237 θόσον
293 1167 339 1254 μή
362 1175 440 1248 ἐστι,
461 1181 605 1235 ποιεῖται
626 1173 686 1248 τῆς
708 1172 833 1246 θυσίας
855 1167 916 1248 τὴν
931 1170 1132 1250 ἐπιμέλειαν·
1155 1165 1216 1232 οὐκ

159 1277 226 1371 ἀρα
248 1285 298 1348 δεῖ
320 1278 423 1361 αὐτὴν
443 1279 630 1367 ὑπεραίρειν
658 1274 697 1346 τό
721 1288 841 1348 οίκεῖον
868 1283 989 1368 μέτρον
1018 1280 1078 1345 τοῦ
1108 1273 1216 1362 θερεί-

158 1417 288 1470 ποντος.
1037 1452 1040 1457 ,
1236 1402 1252 1454 9

253 1502 287 1568 ,Ὁ
310 1501 338 1567 δ’
357 1499 458 1578 αὐτός
480 1505 550 1568 ἐστί
571 1526 630 1585 μοι
651 1498 751 1585 λόγος
772 1505 828 1568 καὶ
850 1502 924 1587 περὶ
946 1502 1006 1578 τῆς
1023 1501 1216 1583 συμπλοκῆς

160 1617 219 1692 τῆς
241 1617 366 1689 οίκείως
394 1613 682 1700 συναρμοζομένης
710 1616 776 1678 τῶν
799 1607 1055 1700 θεραπιιιόντων
1084 1607 1218 1694 ἀνδρῶν

159 1727 303 1790 καὶτῶν
326 1727 602 1806 θεραπευομένων
624 1720 801 1805 δυνάμεων.
845 1725 901 1788 καὶ
923 1715 987 1808 γάρ
1010 1715 1134 1799 ταύτην
1155 1714 1218 1785 τόν
1238 1730 1271 1780 tu

159 1837 256 1924 ἑαυτῇ
278 1828 474 1921 πρόσφορον
495 1831 619 1920 τρόπον
640 1835 701 1914 τῆς
717 1836 900 1921 θρησκείας
915 1833 1112 1915 ἐκλέγεσθαι
1126 1828 1218 1910 ἀξιῶ,
1292 1846 1295 1851 ’

160 1939 262 2010 ἀολον
284 1947 351 2026 μὲνΙ
366 1939 426 2024 τὴν
448 1940 556 2021 ἀόλως
572 1949 844 2031 συμμιγνυμένην,
866 1946 923 2010 καί
939 1953 1012 2021 ταῖς
1026 1938 1218 2025 ἀσωμάτοις

159 2059 334 2142 καθαραῖς
356 2052 515 2139 δυνάμεσι
529 2050 612 2142 πρός
627 2050 713 2121 αάτά
727 2058 889 2141 καθαρῶς
903 2049 946 2120 τά
960 2051 1123 2138 ἀσώματα
1139 2074 1218 2120 σνν-
1239 2066 1271 2117 1⁵

161 2171 363 2250 απτομίνηυ,
393 2169 621 2249 σωματοειδῶς
650 2163 767 2247 δὲτὴν
796 2167 1020 2251 σωματοειδῆ,
1047 2166 1105 2229 καί
1132 2157 1218 2247 μετά

161 2275 322 2362 σωμάτων
346 2284 601 2362 συνηρτημίνην,
626 2274 710 2362 πρός
731 2271 791 2354 τάς
813 2274 963 2361 σώμασιν
985 2276 1220 2359 ίπιβεβηκοίας

161 2387 278 2465 οὐσίας
300 2386 615 2474 ἀνακεραννυμένην.
1240 2393 1274 2444 18

232 2621 295 2671 θ.7.
324 2616 447 2671 καθόσον
464 2615 517 2687 μή]
537 2618 610 2671 καθὸ
628 2615 665 2688 μὴ
685 2620 766 2672 acl).
839 2622 854 2669 7
890 2616 1008 2684 θυσίας]
1027 2617 1062 2669 sic
1081 2615 1146 2669 Gale
1158 2630 1221 2676 not,

231 2703 310 2762 ὁσίας
327 2705 363 2766 Ι),
390 2701 484 2765 οὐσίας
503 2705 537 2758 0.
620 2707 644 2756 8.
655 2705 680 2758 a.
710 2704 909 2775 θεραπεύοντος
929 2706 1006 2758 Act),
1091 2705 1133 2755 1¹.
1163 2716 1221 2752 aute

233 2786 333 2859 ἀνδρῶν
352 2790 376 2841 0
396 2791 454 2840 add.
472 2789 532 2840 τόν.
629 2794 670 2845 13.
697 2790 795 2861 ἑαυτῇ]
814 2796 840 2842 lv
857 2787 928 2864 αάτῄ
947 2795 979 2844 Α.
1078 2792 1119 2841 14.
1150 2807 1220 2856 σομ-

233 2877 390 2942 μιγνυμίνων
409 2873 437 2925 C.
541 2879 581 2928 15.
610 2876 760 2948 καθαραῖς]
779 2879 907 2947 καθαρῶς
927 2877 983 2928 ΑΙ).
1083 2878 1126 2928 17.
1156 2895 1221 2928 σνν-

234 2964 380 3030 ηρτημίνων
400 2959 452 3010 AC.

161 3170 232 3244 ‚gatis
254 3176 327 3222 sorte
349 3165 459 3242 genitali
481 3187 675 3246 corporumque
698 3169 910 3237 necessitudine,
936 3167 1008 3226 bunc
1030 3169 1058 3225 in
1081 3165 1221 3244 operando

165 3253 356 3310 sacrificiorum
374 3255 427 3310 uisi
446 3256 506 3331 quis
524 3265 643 3332 praestet
661 3258 749 3323 ritum.
768 3257 869 3333 pariter
886 3253 1020 3312 aberrabit
1037 3253 1071 3314 ab
1087 3254 1222 3329 utrisque,

165 3350 219 3397 tam
247 3338 467 3396 immaterialibus
495 3361 574 3416 quam
597 3339 777 3398 materialibus
801 3343 892 3399 bouis:
920 3340 1100 3416 illarumque
1122 3340 1222 3396 eximia

165 3445 261 3503 capere
282 3427 389 3502 nequit,
416 3425 460 3482 bis
483 3436 571 3483 autem
593 3438 655 3505 apta
678 3437 705 3483 et
727 3427 823 3485 idonea
845 3447 900 3483 uon
922 3430 1009 3486 offert.
1053 3424 1122 3483 adalo
1145 3424 1223 3501 quod

164 3514 349 3588 unusquisque
366 3513 528 3569 sacrificium
545 3513 606 3581 sibi,
630 3535 680 3590 qua
699 3512 761 3570 talis
780 3523 867 3571 estet
884 3535 938 3570 non
957 3535 1008 3590 qua
1029 3511 1108 3579 alius,
1129 3520 1223 3588 parat;

165 3606 193 3653 et
209 3598 323 3673 proinde
340 3618 394 3655 non
407 3609 516 3684 oportet
527 3600 689 3656 sacrificium
701 3599 854 3678 discrepare
865 3601 899 3656 ab
912 3601 1005 3658 babitu
1016 3598 1204 3657 sacrificantis.

236 3684 337 3743 Eadem
355 3685 469 3743 dixerim
486 3686 520 3742 de
539 3683 733 3762 complexione,
753 3706 821 3762 quas
837 3685 958 3745 colentes
975 3686 1099 3742 homines
1116 3694 1144 3740 et
1155 3682 1223 3743 deos

166 3771 212 3844 qui
230 3769 353 3826 coluntur
371 3770 509 3829 conciliat:
528 3793 577 3830 nec
596 3773 667 3829 euim
685 3770 788 3840 dubito,
807 3775 872 3849 quin
889 3772 936 3833 illa
954 3774 1159 3831 convenientem
1170 3769 1222 3826 sibi

166 3852 254 3911 cultus
273 3858 402 3913 rabonem
420 3857 519 3934 eligere
536 3859 639 3916 debeat.
687 3878 749 3916 nam
760 3859 912 3937 complexio
924 3856 1108 3916 immaterialis
1120 3855 1223 3913 cultum

166 3938 379 3997 immaterialiter
398 3953 573 4021 temperatum
591 3945 678 4023 eligit,
703 3948 885 4023 potentiisque
907 3966 975 4024 pura
995 3946 1166 4023 incorporeis
1189 3942 1224 4000 ad

166 4030 225 4105 ipsa
242 4047 310 4105 pure
327 4029 485 4104 incorporea
503 4031 667 4108 copulatum:
690 4031 842 4110 complexio
864 4044 950 4090 autem
974 4051 1103 4109 corporea
1127 4049 1223 4107 eorpo-

167 4133 241 4171 reum
260 4113 473 4193 corporibusque
495 4127 657 4194 coaptatum,
682 4129 709 4176 ct
731 4112 765 4177 ad
783 4122 916 4176 essentias
939 4118 1099 4196 corporibus
1122 4117 1226 4194 praesi-

167 4198 261 4261 dentes
279 4211 489 4279 attemperatum.
