2776 4876
133 367 203 431 Mt
1149 365 1186 420 ⁴³

222 523 294 589 Καὶ
315 520 357 604 δὴ
379 526 435 590 καὶ
458 529 494 589 αἱ
515 526 576 604 τῆς
588 519 726 607 μήνιδος
740 518 898 602 ίξιλάοεις
912 525 1043 590 ίσονται
1058 531 1186 612 σαφεῖς,
1205 535 1243 593 13

133 629 194 700 eta
220 631 284 714 τὴν
317 637 418 719 μῆνιν
446 637 512 700 τόν
539 636 631 700 θεῶν
658 630 918 718 καταμάθωμεν.
964 631 1048 714 αὕτη
1075 637 1188 701 τοίνυν

98 761 114 812 3
134 743 208 834 οὐχ,
231 743 276 823 ός
297 746 386 812 δοκεῖ
407 751 488 824 τισί,
516 740 646 812 παλαιά
672 748 723 822 τίς
745 750 814 813 ἐστι
839 748 895 811 καὶ
923 749 1066 832 ίμμονος
1095 743 1187 834 ὀργή,

134 850 222 922 ἀλλά
242 858 303 938 τῆς
324 855 545 945 ἀγαθουργοῦ
565 857 763 940 κηδεμονίας
775 860 850 941 περὶ
865 859 958 923 θεῶν
978 854 1187 948 ἀποστροφή,

134 964 179 1050 ἣν
198 967 296 1035 αὐτοὶ
323 963 461 1046 ίαυτοάς
488 968 772 1055 ἀποστρέψαντες,
800 963 909 1055 ὥσπερ
938 976 974 1034 εν
997 971 1188 1056 μεσημβρίᾳ

101 1077 248 1170 roureio
268 1075 592 1169 emunctoriorum
614 1076 733 1157 σκότος
752 1085 882 1157 turreio
903 1077 1110 1166 ἐπηγάγομεν
1132 1085 1188 1146 καί

136 1188 404 1281 α’πεστερήσαμεν
431 1187 567 1266 ίαυτοδς
594 1194 654 1271 τῆς
682 1195 749 1257 τῶν
771 1194 863 1257 θεῶν
890 1188 1028 1275 ἀγαθῆς
1056 1189 1186 1270 δόσεως.

136 1299 276 1369 δύναται
296 1293 358 1368 οὖν
378 1301 401 1383 ἡ
423 1302 566 1383 εξίλαοις
586 1299 676 1388 ἡμᾶς
697 1308 892 1389 ἐπιστρέψαι
912 1298 996 1389 πρὸς
1008 1301 1072 1384 τὴν
1083 1307 1188 1391 κρείτ-

102 1434 219 1485 υτονα
240 1416 427 1499 μετουσίαν,
455 1416 512 1479 καὶ
533 1409 595 1494 τὴν
616 1411 863 1500 ἀνεσταλμένην
884 1412 945 1506 ἀφ’
963 1413 1059 1498 ἡμῶν
1085 1418 1189 1481 θείαν

136 1527 337 1610 κηδεμονίαν
358 1530 403 1602 είς
416 1530 591 1591 κοινωνίαν
604 1536 837 1610 προσαγαγεῖν,
858 1529 914 1592 καὶ
935 1528 1096 1607 συνδῆσαι
1111 1548 1189 1612 ουμ·

137 1641 262 1724 μίτρας
280 1633 325 1702 τά
346 1632 548 1722 μετεχόμενά
569 1639 682 1703 τεκαὶ
702 1634 1002 1722 μεταλαμβάνοντα
1024 1634 1108 1726 πρὸς
1129 1633 1189 1704 άλ-

86 1764 120 1814 12
138 1748 233 1828 ληλα.
269 1751 430 1815 τοσοῦτον
452 1740 512 1815 οὖν
533 1747 697 1840 ἀφέστηκε
718 1752 779 1816 τοῦ
799 1744 855 1814 διά
876 1745 1012 1827 πάθους
1033 1753 1189 1816 ἐπιτελεῖν

140 1853 178 1924 τό
198 1862 318 1940 ἑαυτῆς
338 1862 443 1947 ἔργον,
465 1856 548 1926 ὥστε
569 1862 626 1925 καί
648 1858 737 1944 ἡμᾶς
758 1858 919 1951 ἀφίστησι
939 1865 999 1943 τῆς
1013 1862 1190 1948 εμπαθοῦς

139 1974 196 2036 καὶ
216 1968 428 2059 ταραχώδους
449 1965 517 2037 ἀπό
538 1975 605 2036 τῶν
624 1975 719 2039 θεῶν
739 1969 966 2062 ἀποστροφῆς.

88 2106 122 2156 15
227 2084 276 2148 Ar
299 2081 328 2149 δ’
348 2081 501 2161 ίκθτίοεις
522 2080 541 2150 ὅ
563 2107 597 2149 τι
617 2081 756 2170 πάρεστι
776 2080 878 2151 κακόν
900 2092 936 2150 tr
950 2095 1020 2162 τοῖς
1039 2090 1113 2170 περὶ
1127 2087 1191 2168 γῆν

139 2191 254 2272 τόποις
276 2192 460 2284 ίατριόουσι
487 2199 543 2261 καὶ
571 2193 888 2283 παρασκευάζουσιν,
916 2193 998 2264 ὥστε
1027 2200 1191 2282 μηδεμίαν

139 2302 267 2393 τροπὴν
292 2302 314 2387 ἢ
335 2303 452 2385 πάθος
481 2332 513 2373 τι
538 2312 613 2391 περὶ
641 2306 730 2392 ἡμᾶς
755 2310 925 2391 γενέσθαι.
971 2308 1032 2374 atra
1055 2299 1114 2374 οὖν
1136 2303 1191 2372 διὰ

88 2437 122 2488 18
140 2420 233 2484 θεῶν
266 2417 327 2485 aira
363 2418 418 2484 διὰ
446 2417 613 2504 δαιμόνων
646 2417 668 2500 ἡ
695 2416 831 2500 τοιαύτη
859 2424 1001 2502 γίνοιτο,
1040 2413 1192 2504 βοηθοὺς

213 2565 237 2614 4.
264 2558 453 2636 ἀγαθοεργεῖν]
472 2565 505 2615 sic
523 2563 578 2626 AC,
596 2559 768 2638 ἀγαθοεργεῖν
786 2563 818 2615 0.
831 2556 844 2632 ΙΙ
854 2566 1026 2633 κηδαεμονίας
1043 2561 1075 2613 Β.
1092 2556 1105 2632 ΙΙ
1122 2560 1190 2633 περὶ]

214 2651 288 2721 παρὰ
306 2670 390 2717 margo
410 2655 438 2704 A.
515 2653 539 2704 5.
566 2647 656 2717 αὐτοὶ]
675 2646 758 2710 αὐτὸς
776 2649 806 2702 Β.
827 2644 840 2720 ΙΙ
861 2652 966 2709 ἑαυτοῖς
984 2650 1017 2702 0.
1090 2650 1116 2702 6.
1142 2670 1192 2700 κα-

213 2736 397 2805 scropebam
421 2734 451 2789 C.
481 2731 494 2806 ΙΙ
523 2733 680 2808 ίπιγάγομεν
699 2738 729 2788 B.
853 2739 877 2788 ⁷.
914 2731 1137 2806 ἀποστερήσωμεν
1159 2735 1191 2787 Β.

215 2825 255 2877 10.
283 2831 443 2892 προαγαγεῖν
461 2824 542 2876 ΑΒΒ.
628 2827 668 2877 15.
696 2829 813 2884 ἐκθέσεις
835 2823 866 2874 Β.
952 2823 1048 2875 17.18.
1076 2824 1127 2875 εἴτε
1146 2812 1193 2875 οὖν

213 2911 258 2962 διά
276 2910 346 2964 θεῶν
364 2929 416 2963 om.
435 2910 468 2963 C·
539 2913 580 2964 18.
608 2912 724 2979 γίγνοιτο
742 2909 822 2963 ACD.

213 3031 269 3087 Sed
287 3041 314 3088 et
331 3033 387 3088 irae
404 3032 510 3089 divinae
525 3035 729 3110 procurationes
747 3031 901 3088 manifestae
919 3041 1003 3099 erunt,
1022 3033 1046 3087 si
1063 3040 1139 3087 recte
1154 3032 1193 3086 iu·

143 3116 293 3195 telligamus
312 3117 399 3195 qualis
417 3121 453 3175 sit
470 3119 580 3176 deorum
599 3121 645 3175 ira.
688 3129 767 3196 atquc
785 3140 814 3175 ea
833 3118 940 3195 quidem
952 3137 1007 3173 non
1019 3125 1068 3183 est,
1087 3124 1117 3170 ut
1129 3134 1194 3170 non·

143 3203 225 3260 nullis
242 3204 356 3274 ridetur,
380 3208 527 3263 inveterata
546 3205 675 3282 quaedam
693 3217 721 3262 et
738 3226 896 3285 permanens
915 3201 1060 3269 iracundia,
1083 3202 1132 3258 sed
1149 3203 1195 3258 be-

144 3291 245 3349 neficae
267 3292 377 3349 deorum
399 3296 606 3349 curaeaversio
630 3292 770 3369 quasdam,
799 3313 878 3370 qnam
901 3290 1017 3368 quidem·
1030 3308 1127 3345 vcurum
1147 3289 1194 3344 nbi

144 3382 303 3456 nosmetipsi
325 3381 532 3436 averterimur'a
550 3378 642 3446 nobis,
665 3388 798 3456 tamquam
823 3400 838 3435 a
861 3378 921 3435 lnce
943 3374 1064 3432 meridiei
1082 3391 1132 3428 nos
1150 3375 1195 3430 ab·

144 3465 315 3532 scondcntea,
334 3466 459 3521 tenebras
477 3465 556 3521 nobis
574 3468 744 3534 accersimus,
768 3476 795 3523 et
811 3467 881 3522 bona
900 3464 1009 3520 deorum
1031 3458 1195 3534 indulgentia

144 3572 194 3608 uos
213 3553 266 3628 ipsi
283 3553 427 3628 privamus.
463 3562 555 3629 potest
572 3562 660 3608 autem
677 3551 794 3629 placatio
811 3570 861 3606 uos
884 3553 980 3605 iterum
1002 3549 1146 3604 restituere
1167 3549 1196 3602 in

144 3639 378 3715 participationem
396 3635 521 3705 divinam,
541 3648 568 3694 et
585 3639 782 3715 providentiam
799 3636 917 3693 divinam
934 3656 949 3689 a
967 3635 1045 3691 nobis
1064 3634 1196 3691 divulsam

144 3729 242 3783 iterum
260 3722 294 3778 ad
312 3743 343 3778 sc
361 3723 607 3780 communicandum
624 3727 746 3792 inritare,
765 3733 792 3780 et
809 3722 900 3779 debito
912 3721 992 3777 modo
1005 3723 1195 3799 participantes

145 3832 205 3870 cum
222 3811 393 3890 participatis
411 3818 503 3864 mutuo
521 3824 688 3868 connectere.
723 3819 825 3865 tautum
843 3810 924 3886 igitur
940 3809 1016 3866 abeat
1033 3817 1064 3864 ut
1080 3808 1196 3886 patibili·

145 3901 209 3956 tatis
228 3901 381 3954 interventu
399 3914 467 3974 opus
491 3915 568 3952 suum
591 3897 696 3974 expleat
717 3895 763 3951 illa
786 3894 912 3974 placatio,
935 3905 966 3951 ut
987 3914 1038 3951 nos
1057 3898 1136 3952 etiam
1153 3916 1194 3952 re·

146 3995 225 4042 vocet
243 3984 275 4039 ab
294 3986 365 4039 omni
380 3984 520 4038 aversione
538 4004 552 4037 a
571 3981 631 4049 diis,
650 4002 718 4060 qnae
729 3983 899 4062 passionibus
911 3993 938 4039 ct
950 3982 1195 4060 perturbationibus

146 4071 225 4150 plena
244 4081 293 4127 est.

218 4158 404 4214 bustrationes
422 4165 518 4226 autem,
537 4157 642 4232 quoties
660 4155 728 4214 iocis
744 4168 832 4215 τεεεεε
849 4159 945 4213 ricinis
964 4154 1065 4231 aliquid
1083 4152 1145 4209 mali
1157 4155 1195 4210 iu·
1213 4155 1251 4215 13

148 4247 235 4314 cubat,
253 4245 393 4302 medentur
411 4253 438 4300 ct
456 4254 571 4312 tuentur,
589 4243 708 4302 utnulla
726 4247 836 4303 mutatio
848 4253 892 4299 aut
903 4245 995 4321 passio
1005 4242 1094 4320 possit
1105 4243 1133 4298 in
1145 4262 1195 4299 uos
