2776 4876
173 365 226 406 xvi
431 347 612 406 praefationes
629 351 761 406 versionis
780 349 812 406 N.
832 348 964 406 Scutellii.

171 509 381 597 propaganda
404 511 545 587 fuissent,
569 532 707 594 quorum
730 508 857 595 quidem
875 533 913 574 ea
928 533 1055 596 semper
1071 514 1227 575 extitisset

172 632 322 688 constans
346 633 378 686 et
398 621 489 686 firma
511 626 685 700 sententia,
705 621 803 706 ‚quod
826 622 943 711 religio
967 646 1044 687 vera
1067 627 1108 687 sit
1131 627 1225 688 unica

170 739 223 799 via
243 756 393 799 summam
416 733 456 797 ad
478 732 671 812 felicitatem,
695 734 784 819 quod
805 757 864 820 per
879 735 1066 823 religionem
1082 740 1225 801 veritatis

170 845 278 911 radius
300 849 333 909 in
357 848 467 910 animis
491 847 654 912 homiuum
670 870 687 911 a
703 847 777 911 Deo
800 846 892 932 pluit,
916 847 1005 932 quod
1022 846 1139 935 religio
1155 870 1224 912 non

169 957 328 1044 polluitur
342 980 360 1021 a
375 957 567 1044 religionem
583 959 665 1024 falso
681 958 920 1046 profitentibus.
967 959 1087 1025 debere
1102 960 1223 1024 idcirco

167 1072 313 1135 homines
329 1069 370 1133 ad
386 1068 494 1133 divina
510 1072 631 1136 isthaec
645 1070 740 1149 bona,
764 1093 847 1155 quae
864 1071 979 1159 religio
996 1094 1102 1136 secum
1119 1073 1224 1150 affert,

167 1181 391 1268 promerenda,
415 1192 613 1247 caeterarum
636 1186 789 1248 virtutum
804 1187 929 1269 parenti
946 1206 983 1247 ac
998 1184 1130 1272 reginae
1145 1207 1226 1249 sem-

167 1297 368 1380 perservire
390 1297 538 1374 iustitiae,
567 1317 605 1360 ac
626 1299 673 1360 sic
696 1294 820 1361 demum
843 1318 951 1360 secum
974 1306 1124 1374 statuere,
1156 1301 1225 1381 qui-

167 1406 275 1472 busvis
297 1409 330 1470 in
353 1405 450 1470 rebus
474 1404 621 1494 agendis,
651 1410 763 1472 virtuti
786 1429 856 1471 esse
883 1406 1063 1486 fidendum,
1087 1388 1224 1494 pudicae

167 1528 318 1604 tanquam
348 1527 380 1582 ot
409 1518 534 1583 sobriae
563 1522 671 1598 uxori,
702 1520 851 1584 fortunae
880 1530 985 1585 autem
1016 1530 1067 1584 ut·
1083 1520 1224 1585 instabili

166 1628 361 1696 credendum
383 1630 616 1695 meretriculae.
661 1614 676 1639 ⁸

254 1740 347 1806 Talia
368 1745 475 1827 itaque
492 1764 551 1830 ego
568 1752 673 1807 mente
689 1746 814 1832 agitans
830 1745 945 1806 vestris
962 1741 1002 1806 de
1021 1749 1221 1809 marmoratis

166 1853 317 1919 laudibus
340 1852 510 1941 erigendis,
533 1876 606 1919 meo
622 1878 693 1920 cum
708 1858 741 1920 in
758 1854 878 1919 alveari
894 1876 965 1918 esse
980 1853 1122 1951 riderem
1145 1850 1221 1920 οὔτε

165 1969 240 2051 μέλι
262 1960 336 2032 οὔτε
359 1967 528 2049 μέλισσαν,
557 1943 736 2032 ambrosios
759 1966 856 2031 alieni
877 1960 1096 2031 mellis'favos
1117 1967 1221 2032 multo

165 2077 252 2165 apud
274 2101 324 2143 me
347 2087 491 2164 tempore
514 2101 552 2143 ex
567 2078 749 2144 incredibili
765 2090 829 2157 tua,
852 2077 1006 2178 Madrpti,
1028 2079 1222 2145 liberalitate

165 2189 332 2276 depositos
355 2201 389 2255 et
408 2189 548 2256 fideliter
570 2200 751 2256 asservatos
773 2200 940 2280 gratanter
963 2195 1054 2256 emisi
1078 2201 1110 2256 et
1133 2193 1220 2257 foras

164 2302 248 2383 dedi,
271 2305 440 2388 utriusque
453 2306 553 2368 vestri
568 2304 628 2369 sub
643 2306 773 2369 nomina
788 2324 848 2367 seu
863 2306 1002 2384 numine,
1026 2303 1222 2369 suaviandos

163 2415 293 2503 quidem
314 2416 355 2480 ab
378 2416 524 2481 omnibus
548 2427 587 2495 et,
616 2427 654 2481 ut
674 2420 720 2481 ita
742 2416 859 2495 dicam,
888 2416 1092 2504 cupidissime
1123 2416 1221 2481 devo

161 2527 308 2592 randos.'
341 2528 548 2613 quamobrem
577 2550 778 2614 summopere
807 2531 883 2593 mihi
911 2534 946 2593 in
975 2532 1048 2592 sinu
1085 2527 1221 2612 gaudeo,

163 2639 294 2726 quaudo
317 2643 445 2726 egregia
468 2644 586 2703 tamin
608 2662 643 2703 re
667 2639 757 2724 quod
779 2638 870 2704 volui
893 2642 993 2724 potui,
1018 2637 1106 2722 qnod
1122 2637 1221 2701 debui
1298 2656 1300 2667 ·

161 2748 300 2830 reddidi,
320 2749 409 2836 quod
425 2754 544 2835 optavi,
566 2753 649 2816 Jesu
663 2755 802 2829 iuvante,
825 2750 956 2835 perfeci.
1001 2759 1144 2813 vestrum
1166 2771 1222 2819 aa

162 2873 227 2927 tem
250 2871 307 2941 est,
337 2860 426 2926 orbis
450 2872 617 2927 senatores
638 2864 859 2952 insignissimi,
888 2864 1115 2947 principesque
1138 2861 1222 2926 cele

161 2974 342 3061 bratissimi,
365 2978 421 3059 qui
444 2977 521 3038 estis
536 2995 634 3039 aurea
649 2973 717 3040 duo
732 2973 933 3052 candelabra,
956 2973 1103 3038 ardentia
1116 2973 1220 3037 veluti

162 3096 237 3151 nuta
261 3087 411 3151 thronum
434 3089 563 3172 gratiae,
586 3088 639 3172 qui
663 3088 738 3151 estis
759 3086 885 3172 pupilla
908 3082 1017 3174 gentis¹
1036 3095 1165 3149 vestrae
1188 3097 1221 3148 et

161 3198 349 3264 lucidissimi
376 3199 478 3277 soles,
507 3201 541 3263 in
571 3199 687 3284 quibus
716 3197 793 3262 fidei
823 3197 943 3284 lampas
967 3188 1220 3262 'incontaminata

160 3315 342 3398 permansit,
365 3322 515 3390 vestrum,
537 3313 673 3396 iuquam,
698 3319 754 3388 est,
778 3320 811 3375 et
825 3313 968 3374 auctoris
990 3306 1220 3395 μυστικώτατα

161 3419 326 3510 μυστήρια
347 3434 382 3488 et
404 3404 692 3489 elucubratissimas
713 3425 898 3508 interpretis
920 3421 1046 3510 vigilias
1069 3433 1103 3487 ot
1117 3418 1220 3486 div'ul-

161 3537 268 3620 gantis
290 3538 435 3622 episcopi
457 3536 597 3602 studium
619 3537 690 3621 pari
712 3536 833 3620 pietate
856 3533 1035 3620 complecti.
1064 3580 1066 3584 -

251 3648 387 3711 Tantam
402 3670 530 3735 nanque
544 3646 698 3713 mortales
714 3657 781 3712 tum
791 3646 950 3711 Tridento
967 3658 1035 3711 tum
1050 3647 1218 3735 Augustae

161 3760 350 3842 sapientiam
373 3758 548 3838 debebunt,
572 3772 721 3847 quantam
745 3770 778 3824 ct
803 3762 901 3845 prisci
921 3764 1074 3825 maiorem
1096 3762 1130 3822 in
1151 3778 1219 3821 mo-

163 3868 239 3934 dum
261 3890 446 3955 suspexere,
476 3882 509 3937 et
529 3877 633 3960 magis
655 3883 752 3959 atque
773 3875 873 3961 magis
897 3871 1139 3941 admirabuntur
1159 3888 1218 3953 po·

163 3985 249 4047 steri.
288 3991 438 4067 acceptos
455 4003 585 4068 nanque
600 3985 743 4051 referent
758 3986 852 4051 vobis
871 3984 1000 4051 duobus
1016 3990 1142 4046 montes
1158 3981 1229 4046 hos>

163 4116 281 4161 aureos
296 4114 486 4160 arcanorum
508 4107 542 4158 et
563 4096 754 4180 patefactam
769 4102 966 4187 Aegyptum,
990 4116 1074 4180 quas
1089 4093 1216 4180 quidem
1246 4090 1249 4098 ’

163 4205 277 4274 doctae
299 4209 453 4274 hactenus
474 4220 598 4288 mentes
621 4208 742 4288 abdita,
769 4213 831 4274 iam
859 4229 926 4274 non
950 4208 1134 4292 discerptim
1156 4227 1217 4291 por
