2776 4876
203 357 239 412 Gt]
1207 345 1258 408 λέ

206 515 301 596 σῶμα
323 516 391 586 τοῖς
413 509 472 589 τῆς
494 511 602 597 ψυχῆς
625 505 823 597 ὀφθαλμοῖς
851 499 907 568 διά
935 504 1001 566 τῶν
1024 495 1261 584 τοῦσώματος

195 624 433 687 ἐπιδείκνυσιν·
456 617 477 699 ἡ
502 619 535 684 δέ
559 619 624 683 τῶν
645 615 856 705 ἀρχαγγέλων
871 608 914 680 τά
928 611 1014 679 αὐτὰ
1029 616 1088 696 μέν
1103 615 1158 677 καὶ
1174 609 1259 692 αὕτη

205 737 344 819 παρέχει,
367 724 453 810 πλὴν
477 725 550 795 οὔτε
574 727 625 795 ἀεὶ
648 724 722 794 οὔτε
745 729 797 791 ἐπὶ
812 722 946 791 πόντων
960 721 1034 790 οὔτε
1049 725 1168 810 διαρκῆ
1183 718 1258 789 οὔτε
1276 736 1292 786 3

205 846 309 909 τέλεια
333 837 406 908 οὔτε
431 839 643 930 ἀναφαίρετα
657 833 700 904 τά
715 831 837 922 ἀγαθά
851 838 974 914 δίδωσι,
997 831 1107 925 τρόπῳ
1123 859 1157 900 τε
1173 858 1259 921 παρ-

204 959 350 1039 ισωμένῳ
377 956 436 1032 τῆς
464 954 657 1040 ἐπιφανείας
685 945 873 1034 ἐπιλάμπει·
906 946 927 1028 ἡ
958 949 993 1013 δέ
1015 949 1080 1013 τῶν
1111 945 1260 1030 ἀγγέλων

204 1069 251 1131 ἐτι
272 1058 410 1150 μεριστά
432 1064 562 1147 μᾶλλον
583 1057 626 1127 τά
649 1056 770 1145 ἀγαδά
792 1062 945 1145 δωρεῖται
966 1061 1173 1149 διῃρημένοις,
1201 1059 1258 1122 καὶ
1276 1074 1293 1124 6

204 1171 266 1255 την
295 1179 460 1260 ἐνέργειαν
490 1171 530 1238 δι’
551 1165 590 1252 ἧς
618 1173 827 1260 ἐπιφαίνεται
855 1165 939 1236 πολδ
973 1171 1168 1254 λειπομένην
1195 1171 1260 1252 tages

204 1287 265 1352 τοῦ
286 1281 523 1373 συνειληφότες
546 1280 649 1364 αὐτὴν
679 1289 715 1347 ἐν
744 1285 849 1366 έοιντῷ
870 1283 994 1347 τελείου
1024 1278 1148 1369 φωτός·
1179 1277 1258 1359 ἡδὲ

204 1399 269 1460 τῶν
297 1391 467 1480 δαιμόνων
494 1396 592 1481 βαρεῖ
618 1397 679 1479 μέν
707 1389 745 1458 τό
775 1394 870 1477 σῶμα
897 1395 954 1458 καὶ
983 1388 1095 1469 νόσοις
1122 1386 1294 1468 κολάζεηθ

207 1507 365 1572 καδέλκει
387 1507 422 1571 δέ
444 1508 500 1570 καὶ
522 1503 583 1586 τὴν
604 1500 715 1594 ψυχὴν
737 1507 790 1570 ἐπὶ
813 1499 873 1584 τὴν
896 1499 1010 1594 φύσιν,
1039 1497 1200 1587 σωμάτων
1224 1503 1259 1566 δέ

204 1619 260 1682 καὶ
282 1619 341 1696 τῆς
364 1617 540 1701 συγγενοῦς
553 1624 624 1691 τοῖς
639 1611 788 1701 σώμασιν
803 1609 995 1695 αἰσθήσεως
1010 1611 1068 1680 οὐκ
1088 1610 1259 1703 ἀφίστησι,

203 1722 281 1804 τσδς
303 1725 333 1793 δ’
354 1729 406 1792 ἐπὶ
428 1723 467 1792 τὸ
490 1730 554 1815 πῦρ
578 1723 779 1802 σπεύδοντας
800 1730 927 1810 κατέχει
947 1728 1021 1810 περὶ
1037 1720 1095 1789 τόν
1111 1724 1184 1814 τῇδε
1201 1718 1258 1788 τό·
1278 1733 1311 1782 12

204 1861 278 1916 πον,
302 1839 367 1902 τοῖν
390 1838 424 1904 δέ
452 1838 512 1918 τῆς
541 1841 738 1924 εἱμαρμένης
760 1837 889 1920 δεσμῶν
918 1833 977 1902 οὐκ
999 1830 1148 1900 ἀπολύει·
1178 1830 1258 1912 ἡδὲ

204 1949 270 2013 τῶν
291 1944 406 2036 ἡρώων
428 1945 645 2034 παραπλήσια
668 1952 728 2032 μέν
750 1950 812 2032 ἔχει
835 1941 876 2010 τά
898 1941 986 2010 ἀλλα
1007 1941 1090 2032 πρός
1111 1938 1259 2024 τὴντῶν

203 2055 385 2143 δαιμόνων,
415 2056 528 2139 ίδιάζει
550 2061 584 2124 δέ
608 2065 643 2124 έν
664 2062 712 2143 τῷ
733 2061 790 2123 καὶ
812 2051 894 2143 πρός
922 2058 1003 2142 ἔργα
1024 2052 1101 2122 τινά
1122 2062 1258 2138 γενναῖα
1279 2072 1311 2121 15

203 2172 260 2235 καὶ
289 2167 418 2254 μεγάλα
447 2168 640 2256 ἀνεγείρειν·
675 2168 697 2249 ἡ
726 2171 761 2235 δὲ
788 2170 854 2233 τῶν
881 2164 1051 2254 ἀρχόντων
1078 2161 1258 2246 αὐτοπτιιιὴ

203 2278 300 2360 δεῖξις
322 2278 518 2366 περικόσμιει
540 2284 599 2366 μὲν
622 2273 744 2364 ἀγαθοί
759 2282 824 2344 τῶν
838 2282 1057 2363 περικοσμίων
1073 2279 1187 2344 δίδωσι
1202 2280 1259 2343 καὶ

204 2385 244 2456 rai
265 2395 325 2457 τοῦ
346 2393 423 2475 βίον
445 2389 555 2459 πάντα
578 2388 776 2477 πράγματα·
803 2385 899 2456 ὑλικά
923 2391 972 2469 δέ,
1001 2385 1024 2454 ἀ
1046 2391 1112 2456 τῶν
1138 2388 1259 2456 ὑλικόν
1277 2399 1311 2451 18

273 2608 298 2659 3.
327 2604 444 2676 παρέχει]
459 2611 601 2678 περιτρέχει
614 2604 694 2658 ACD.
767 2609 808 2658 11.
837 2603 989 2674 αἰσθήσεων
1003 2606 1035 2658 D.
1056 2601 1073 2674 ΙΙ
1090 2603 1187 2674 ἀφίησι
1198 2606 1257 2657 BD.

273 2692 315 2742 1-4.
345 2691 406 2759 lpse]
425 2693 460 2744 sic
478 2692 558 2755 Aen,
580 2711 630 2744 om.
651 2692 685 2744 Ο.
781 2695 821 2744 ¹5.
851 2692 938 2754 λδιέζει
955 2692 989 2743 D.
1081 2693 1123 2743 16.
1150 2688 1257 2758 ἀναμεί-

273 2796 325 2846 ρειν
343 2777 376 2829 D.
458 2780 498 2829 17.
527 2781 702 2847 παρακοσμίιι
722 2776 773 2828 Ac.
856 2778 897 2828 18.
925 2773 961 2841 ci]
981 2775 1015 2827 sic
1033 2780 1065 2838 Α,
1092 2769 1160 2844 ἦΒ,
1187 2775 1256 2842 ἡΟ.

202 2995 329 3072 quodque
347 3016 401 3052 non
420 3007 462 3051 est
480 3016 591 3074 eorpus,
615 3018 645 3053 ac
664 3001 688 3054 si
706 3018 799 3054 revera
817 3017 916 3075 corpus
934 3007 1019 3071 esset,
1044 3016 1093 3074 per
1111 3016 1257 3074 corporeos

202 3080 295 3138 oeulos
314 3084 415 3138 animae
431 3093 641 3160 repraesentant.
689 3083 907 3160 archangelorum
925 3084 1058 3161 apparitio
1081 3084 1173 3140 eadem
1192 3104 1258 3159 quo·

201 3188 253 3244 que
271 3167 349 3223 affert
367 3188 490 3235 munera,
514 3171 553 3224 itu
574 3179 664 3225 tamen
686 3179 716 3225 ut
740 3190 826 3245 neque
849 3187 955 3245 semper
977 3189 1063 3246 neque
1085 3171 1114 3225 in
1132 3170 1257 3225 omnibus

200 3264 288 3329 neque
306 3252 465 3309 sufficientia
483 3274 570 3331 neque
588 3258 697 3333 propria
715 3274 802 3329 neque
820 3275 850 3309 ea
869 3275 935 3331 quae
953 3255 1050 3312 auferri
1069 3271 1123 3310 non
1141 3265 1256 3332 possunt

200 3337 326 3414 praebeat
337 3339 416 3405 bona,
429 3355 516 3415 neque
528 3340 630 3396 viribus
641 3342 743 3396 nostris
756 3339 918 3418 respondeat
930 3360 1022 3397 eorum
1035 3343 1175 3419 apparitio.
1212 3362 1257 3396 an-

200 3422 253 3498 geli
271 3426 377 3500 quoties
396 3436 533 3502 apparent,
557 3425 626 3481 bona
646 3425 694 3482 sed
712 3427 850 3502 partitiora
869 3425 1007 3503 divisaque
1025 3428 1147 3495 afferunt,
1170 3427 1253 3504 pluri·

200 3527 324 3584 mumque
342 3511 376 3566 'ab
394 3509 516 3566 absoluta
536 3530 604 3586 quae
621 3531 668 3567 eos
687 3512 828 3567 constituit
840 3511 967 3569 deliciunt
978 3512 1039 3569 luce
1051 3515 1079 3569 in
1091 3516 1254 3591 operatione.

201 3591 342 3650 daemones
365 3597 514 3671 praesentia
538 3616 586 3651 sua
610 3616 708 3674 eorpus
733 3607 844 3673 gravant
865 3599 1020 3675 morbisque
1042 3598 1176 3676 affligunt,
1200 3602 1256 3655 ani·

167 3682 185 3732 ἴε
201 3685 323 3753 mamque
341 3678 375 3734 ad
393 3690 513 3736 naturam
534 3684 721 3759 praecipitant,
744 3702 795 3738 neo
816 3704 831 3738 a
854 3685 1012 3761 corporibus
1035 3695 1064 3742 et
1086 3695 1197 3763 cognato
1220 3688 1255 3741 iis

200 3781 282 3817 sensu
300 3762 451 3831 discedunt,
470 3776 551 3842 atque
569 3787 616 3822 eos
634 3769 681 3843 qui
699 3766 733 3822 ad
751 3770 839 3844 ignem
858 3769 1000 3827 caelestem
1012 3771 1150 3849 adspirant
1161 3775 1189 3828 in
1201 3772 1255 3828 hoe

200 3844 319 3902 inferiori
337 3847 398 3906 loco
418 3850 546 3919 detinent,
569 3873 652 3909 neca
675 3851 721 3909 fati
742 3853 858 3910 vinculis
881 3855 996 3914 solvunt.
1044 3856 1155 3914 heroum
1176 3879 1256 3935 appa·

199 3933 263 3989 ritio
281 3931 342 3989 aliis
360 3935 468 4010 quidem
485 3938 513 3992 in
531 3937 611 3994 rebus
629 3937 726 3995 similis
749 3951 791 3996 est
809 3940 996 4011 daemonibus,
1019 3942 1071 4000 hoo
1089 3954 1176 4000 tamen
1193 3964 1255 4021 pro·

198 4020 288 4095 prium
305 4018 394 4087 habet,
412 4021 484 4097 quod
502 4023 537 4079 ad
554 4021 670 4080 facinora
689 4025 818 4102 quaedam
836 4036 864 4083 et
880 4026 957 4086 fortia
976 4028 1043 4086 facta
1063 4032 1178 4106 instiget.
1214 4049 1255 4085 ar-

200 4103 312 4161 chontes
330 4105 455 4165 mundani
477 4109 529 4164 visi
546 4107 617 4164 hona
638 4112 767 4186 praebent
790 4112 921 4170 mundana
944 4118 1069 4191 vitaeque
1086 4113 1164 4170 huius
1183 4135 1256 4172 com·

148 4203 151 4210 “
199 4188 289 4248 moda:
308 4192 459 4250 materiales
477 4210 542 4250 vero
560 4196 696 4305 priucipea
714 4197 869 4266 materialia,
889 4209 917 4256 et
929 4220 997 4275 quae
1010 4209 1073 4255 sunt
1084 4209 1188 4256 terrena
1201 4199 1253 4256 lar·
