2776 4876
223 339 260 393 96
1209 335 1276 402 2,ss

224 498 285 581 μὲν
299 492 455 578 οὐδεμίαν
470 489 728 581 ἀμφισβήτησιν,
751 489 823 557 ἀλλ’
840 488 1051 576 ὁμολογεῖται
1065 491 1157 575 παρά
1172 495 1275 559 πᾶσιν

225 602 384 682 ὡσαύτως.
431 607 479 681 τίς
500 598 564 689 γάρ
588 602 646 669 οὐκ
667 597 710 669 ἀν
733 599 968 690 συγχωρήσειεν
997 599 1179 687 ἐπιστήμην
1202 629 1277 689 τυγ-

220 714 392 802 χάνουσαν
419 719 479 782 τοῦ
501 710 596 792 ὄντος
619 711 821 795 οἰκειοτάτην
842 710 928 780 εἶναι
949 716 1008 795 τῆς
1036 717 1137 792 θείοις
1169 718 1310 792 οιλτέαςο

223 831 328 906 θεοῖς,
358 823 419 907 τήν
441 829 475 894 δὲ
498 822 638 909 ἀγνοιαν
659 820 720 906 τήν
749 822 1008 915 ὑποφερομένην
1030 833 1074 904 εις
1102 820 1141 891 τό
1163 821 1223 910 μή·
1241 823 1279 892 δν

222 935 423 1026 πορρωτάτω
445 941 505 1019 τῆς
528 940 626 1015 θείας
647 940 755 1014 αἰτίας
777 939 842 1002 τῶν
865 935 1007 1017 ἀληθῶν
1038 939 1131 1003 ελδῶν
1154 935 1278 1004 ἀποπλ·

222 1073 323 1117 πτειν.
369 1048 442 1116 ἀλλ’
462 1052 531 1115 ἐπεὶ
554 1047 613 1135 οὐχ
642 1052 761 1126 ἱκανῶς
788 1053 914 1136 εἴρηται
940 1045 1127 1135 προσθήσω
1157 1043 1196 1114 τό
1226 1051 1310 1117 &let

223 1163 351 1228 λεῖπον·
379 1163 436 1228 καὶ
465 1156 549 1226 διότι
575 1156 768 1250 φιλοσόφως
794 1162 923 1244 μᾶλλον
950 1162 1007 1225 καὶ
1035 1162 1183 1245 λογικῶς,
1199 1158 1272 1226 ἀλλ’

223 1270 295 1358 οὐχὶ
316 1268 401 1338 κατά
423 1268 484 1352 τήν
506 1275 639 1357 ένεργον
659 1272 725 1336 τῶν
746 1275 857 1357 ἱερέων
879 1275 996 1356 τέχνην
1018 1266 1077 1337 τόν
1100 1269 1274 1356 ἀπολογισ-

221 1381 287 1468 μὸν
309 1394 458 1461 ποιεῖται,
480 1380 536 1449 διά
556 1384 654 1449 τοῦτο
677 1379 770 1466 οἶμαι
792 1382 860 1447 δεῖν
876 1381 1156 1470 θεουρνικώτερου
1178 1388 1278 1450 εἰπεῖν
1296 1393 1311 1442 t

223 1519 253 1560 τι
276 1498 348 1581 περὶ
372 1493 488 1561 αὐτῶν.

304 1599 409 1670 ’Ἔστω
431 1609 491 1692 μὲν
512 1602 576 1693 γάρ
598 1605 619 1684 ἡ
642 1600 762 1688 ἀηνοιοι
784 1608 840 1671 καὶ
862 1602 973 1687 ἀπάτη
996 1607 1199 1691 πλημμέλεια
1222 1608 1277 1672 καὶ

222 1714 366 1801 ἀσέβεια,
390 1715 430 1782 οὐ
450 1711 517 1801 μήν
540 1711 594 1783 διά
617 1718 715 1781 τοῦτο
737 1718 847 1803 ψευδῆ
869 1728 1011 1783 ποιεῖται
1024 1719 1080 1783 καὶ
1095 1711 1137 1782 τά
1153 1720 1278 1793 οἰκείως
1297 1720 1327 1771 ¹²

223 1837 293 1904 τοῖς
314 1829 411 1906 θεοῖς
432 1824 689 1917 προσφερόμενα
711 1830 767 1892 καὶ
790 1822 832 1892 τά
856 1830 938 1894 θεῖα
960 1830 1049 1916 ἔργα,
1072 1826 1147 1894 οὐδὲ
1169 1822 1276 1913 γάρή

222 1942 333 2004 ἔννοια
348 1936 505 2049 σφιάπτει
518 1949 588 2015 τοῖς
603 1940 700 2013 θεοῖς
715 1934 789 2015 τοάς
804 1936 1005 2026 θεουργοός·
1028 1941 1097 2004 ἐπεὶ
1112 1942 1145 2004 τέ
1160 1935 1276 2004 ἐκώλυε

223 2045 299 2128 rode
327 2051 537 2135 θεωρητικῶς
571 2052 842 2139 φιλοσοφοῦντας
876 2053 958 2136 ἔχειν
987 2045 1047 2128 τήν
1076 2045 1277 2136 θεουργικήν
1296 2059 1327 2109 15

185 2200 190 2207 =
223 2168 338 2228 ένωσιν
359 2157 442 2248 πρός
462 2156 539 2237 τοὺς
563 2157 681 2241 θεούς,Ι
710 2164 769 2226 νῦν
792 2162 826 2226 δὲ
849 2160 908 2227 οὐκ
936 2163 999 2248 ἔχει
1027 2158 1067 2226 τό
1089 2185 1126 2245 γε
1147 2159 1277 2240 ἀληθὲς

222 2269 333 2349 οὕτως.
372 2269 445 2336 ἀλλ’
464 2269 485 2351 ή
508 2272 573 2338 τῶν
595 2273 697 2357 έρμων
719 2273 784 2338 τῶν
806 2268 959 2358 ἀρρήτων
981 2275 1038 2338 καὶ
1058 2270 1138 2359 ὑπὲρ
1161 2272 1276 2338 πᾶσαν

221 2380 338 2464 νόησιν
360 2384 555 2468 θεοπρεπῶς
578 2388 817 2471 ἐνεργουμένων
846 2385 1069 2469 τελεοιουρνία
1097 2379 1119 2463 ή
1149 2406 1183 2448 τε
1211 2383 1277 2447 τῶν
1296 2386 1328 2436 18

221 2499 407 2580 νοουμένων
435 2506 506 2571 τοῖς
534 2498 630 2570 θεοῖς
651 2490 767 2578 μόνοις
789 2489 965 2599 συμβόλων
993 2491 1196 2583 ἀφθέγκτων
1225 2492 1277 2560 δή

293 2707 317 2756 l.
345 2701 431 2774 παρὰ]
451 2705 511 2774 περὶ
531 2701 583 2754 AC.
656 2704 698 2755 13.
725 2709 797 2755 ποιεῖ
814 2702 893 2753 Act).
966 2702 1008 2754 19.
1037 2696 1180 2772 ἀφθέκτων
1199 2706 1229 2753 Α.

221 2907 346 2966 confesso
363 2908 435 2985 apud
453 2928 546 2966 omnes
565 2920 613 2966 est.
660 2911 721 2985 quis
738 2911 811 2965 enim
828 2928 882 2965 non
900 2912 1027 2966 continuo
1045 2908 1177 2966 concedet
1186 2911 1277 2984 cogni·

221 2997 322 3051 tionem
344 3014 412 3070 qrrae
434 3014 481 3051 eus
503 3015 596 3052 verum
618 2996 770 3070 assequitur
793 2999 994 3073 quamproxime
1016 2995 1144 3054 accedere
1164 2994 1200 3050 ad
1217 3015 1277 3051 cau·

220 3101 278 3138 sam
295 3080 426 3148 divinam,
452 3091 544 3137 contra
567 3083 743 3158 ignorantiam
767 3102 835 3158 quae
853 3082 887 3138 ad
908 3103 963 3139 non
981 3103 1029 3139 ens
1041 3082 1194 3148 delabitur,
1216 3101 1277 3137 cum

221 3167 301 3243 longe
318 3167 389 3222 absit
407 3188 421 3221 a
440 3166 640 3234 consedimus,
664 3167 789 3223 excidere
806 3188 919 3246 prorsus
936 3170 970 3225 ab
989 3169 1113 3225 omnihus
1134 3171 1207 3224 reris
1225 3166 1278 3223 lor·

220 3256 279 3310 ruis.
327 3253 378 3309 sed
396 3273 457 3309 cum
474 3253 540 3309 haee
558 3273 613 3308 non
631 3254 696 3310 satis
714 3253 794 3331 plene
812 3255 860 3310 abs
878 3265 906 3311 tc
924 3255 994 3312 dicta
1013 3264 1089 3322 sunt,
1108 3253 1181 3330 quod
1199 3253 1277 3309 deest

220 3339 329 3396 addam:
348 3349 376 3396 et
394 3338 609 3415 quandoquidem
626 3337 814 3417 philosophice
833 3351 859 3397 et
876 3340 964 3418 logice
979 3343 1071 3420 potius
1083 3360 1162 3417 mam
1174 3359 1208 3395 ex
1219 3348 1278 3395 arte

221 3425 392 3483 sacerdotum
410 3424 512 3481 efficaci
530 3424 612 3481 verba
630 3423 705 3493 iacis,
723 3425 786 3482 ideo
805 3446 902 3483 censeo
922 3437 1066 3505 opportere
1085 3426 1119 3482 de
1136 3428 1171 3481 iis
1184 3424 1277 3502 dispu-

220 3522 279 3568 tare
296 3515 379 3588 magis
397 3532 431 3568 ex
449 3512 545 3569 ritibus
564 3513 741 3568 sacerdotum.

292 3598 336 3654 Sit
352 3600 434 3675 igitur
450 3596 624 3654 hallucinatio
643 3608 670 3654 et
687 3597 812 3676 deceptio
830 3601 902 3655 circa
920 3598 1009 3656 divina
1026 3608 1166 3677 peccatum
1184 3607 1212 3653 et
1229 3599 1276 3653 im·

220 3685 320 3761 pietas,
343 3703 398 3739 non
414 3687 542 3741 continuo
564 3695 654 3741 tamen
676 3682 741 3740 falsa
764 3685 833 3740 liunt
855 3705 922 3761 quae
943 3685 997 3743 diis
1018 3685 1062 3742 vel
1086 3693 1277 3742 consecrantur

219 3767 343 3844 symbola
360 3769 405 3825 sel
420 3773 597 3847 perficiuntur
613 3791 710 3849 operm
728 3791 778 3827 nec
791 3773 861 3827 enim
873 3773 990 3848 cognitio
1002 3773 1139 3847 coniungit
1150 3790 1211 3826 cum
1222 3769 1276 3825 diis

221 3854 341 3912 cultores
358 3854 478 3926 deorum,
498 3858 618 3934 alioquin
636 3855 794 3935 philosophi
812 3857 902 3913 divina
920 3867 1074 3935 spectantes
1096 3877 1204 3934 semper
1221 3856 1277 3912 dei·

220 3941 300 3998 ficam
317 3943 444 3997 unionem
461 3953 638 4020 reportarent.
674 3946 747 4021 atqui
766 3963 859 4000 revera
878 3945 914 3999 ita
927 3964 1012 4000 seres
1025 3941 1178 3999 nonhabet.
1214 3961 1276 3997 nam

220 4031 284 4085 unio
303 4025 350 4083 illa
368 4025 463 4082 deifica
486 4047 541 4082 non
559 4031 705 4103 acquiritur
723 4031 776 4086 nisi
797 4050 847 4107 per
869 4031 1079 4086 ceremoniarum
1101 4027 1276 4085 ineffabilium

220 4114 426 4181 observantiam,
448 4132 498 4191 per
516 4115 685 4190 operationes
703 4117 755 4171 rite
766 4115 855 4172 .iactas
873 4115 926 4172 diis
945 4115 1038 4193 dignas
1060 4134 1220 4190 omnemque
1238 4115 1276 4169 in·

220 4198 357 4258 tellectum
374 4209 546 4278 superantes,
569 4218 672 4275 perque
689 4202 744 4258 vim
766 4200 994 4279 inexplicabilium
1015 4199 1200 4275 symbolorum
1221 4198 1275 4255 diis
