2776 4876
218 336 273 390 266
1219 325 1273 390 7,4

219 496 284 559 τῶν
307 491 397 555 θεῶν
419 495 454 555 ἰν
475 488 514 576 τῇ
539 488 627 579 ψυχῇ
649 480 922 574 διαφυλάττομεν,
944 485 998 548 καί
1022 477 1083 562 τὴν
1097 477 1209 572 ψυχὴν
1224 480 1270 548 δι’

149 603 150 607 ’
219 602 327 669 αὐτῶν
351 597 518 687 ἀνάγομεν
540 599 592 663 ἐπὶ
615 592 691 672 τοὺς
720 591 831 673 θεούς,
859 597 916 660 καί
944 593 1157 682 άναχθεῖσαν
1185 589 1274 659 κατά

219 714 257 780 τὸ
286 708 428 779 δυνατὸν
456 705 526 787 τοῖς
555 711 651 785 θεοῖς
684 703 908 793 συνάπτομεν·
946 699 1033 772 άλλά
1062 699 1117 770 διά
1144 707 1178 770 τί
1207 706 1310 769 colat

218 824 427 911 σημαντικῶν
448 817 489 886 τά
511 817 671 909 βάρβαρα
693 812 758 906 πρὸ
782 819 846 885 τῶν
868 813 993 902 ἑκάστῳ
1017 819 1144 883 οἰκείων
1158 839 1276 901 προτι-

217 939 344 1022 μῶμεν;
369 937 437 1000 lon
460 934 572 997 δὲκαὶ
595 926 712 996 τούτου
726 924 882 1014 μυστικὸς
904 926 923 995 ὁ
946 924 1054 1012 λόγος.
1101 923 1185 992 διότι
1206 921 1275 1015 γάρ

218 1048 285 1112 τῶν
312 1046 407 1132 ἱερῶν
436 1046 564 1122 ἐθνῶν,
593 1038 701 1127 άσπερ
723 1041 913 1124 Αἰγυπτίων
942 1063 976 1106 τε
1005 1042 1061 1105 καί
1091 1038 1311 1127 Ἀσσυρίων,ο

219 1163 251 1224 οἱ
275 1159 353 1224 θεοὶ
383 1151 445 1236 τὴν
467 1152 550 1234 ὅλην
578 1149 749 1218 διάλεκτον
777 1152 955 1239 ἱεροπρεπῆ
983 1148 1188 1229 κατέδειξαν,
1216 1143 1277 1214 διά

218 1270 317 1336 τοῦτο
340 1270 396 1333 καὶ
418 1261 479 1344 τάς
499 1265 707 1348 κοινολογίας
729 1258 876 1346 οἰόμεθα
892 1263 960 1329 δεῖν
975 1266 1014 1354 τῇ
1028 1270 1176 1347 συγγενεῖ
1188 1254 1276 1349 πρός

218 1376 295 1457 τοὺς
317 1375 421 1457 θεοιίς
442 1377 525 1458 λέξει
545 1379 759 1467 προσφέρειν,
786 1376 843 1439 καὶ
866 1370 949 1441 διότι
977 1377 1106 1462 πρῶτος
1134 1375 1188 1438 καί
1212 1395 1276 1437 πα-
1295 1383 1312 1434 9

218 1487 312 1569 λαιός
334 1497 422 1557 ἐστιν
445 1487 463 1555 ὁ
486 1491 635 1564 τοιοῦτος
657 1481 779 1572 τρόπος
800 1487 860 1566 τῆς
883 1487 1010 1570 φωνῆς,
1044 1486 1100 1550 καὶ
1125 1480 1275 1568 μάλιστα

202 1597 329 1682 Ιιίπειδὴ
360 1606 392 1667 οἰ
414 1597 586 1687 μαθόντες
607 1591 650 1664 τά
672 1599 786 1686 πρῶτοι
808 1592 960 1681 ὀνόματα
988 1599 1061 1681 περὶ
1084 1596 1150 1662 τῶν
1171 1596 1275 1672 θεῶν,

218 1707 302 1796 μετά
324 1713 384 1792 τῆς
406 1714 527 1787 οἰκείας
549 1706 692 1795 γλώττης
721 1702 807 1774 αὐτά
836 1707 1052 1794 ξυμμίξαντες
1079 1701 1274 1794 παραδεδώ-
1296 1714 1329 1764 12

218 1843 315 1887 κασιν
337 1820 424 1905 ἡμῖν,
448 1821 491 1899 ὡς
515 1824 636 1895 οἰκείας
658 1823 713 1886 καὶ
735 1816 932 1907 προσφόρου
953 1815 1036 1906 πρὸς
1057 1811 1144 1884 αὐτοὶ
1165 1814 1275 1901 ὑπαρ-

215 1929 349 2019 χούσης,
372 1931 528 2013 ἀκίνητον
550 1932 769 2018 διατηροῦμεν
792 1932 887 2018 δεῦρο
910 1928 963 1996 άιί
984 1925 1044 1996 τὸν
1059 1923 1192 2014 θεσμὸν
1213 1929 1276 2008 τῆς

215 2041 439 2132 παραδόσεως.
491 2041 578 2130 εἰπερ
608 2039 672 2129 γάρ
699 2067 732 2106 τι-
760 2050 830 2119 τοῖς
857 2043 955 2117 θεοῖς
991 2036 1073 2106 άλλο
1107 2035 1276 2127 προσήκει,
1296 2053 1328 2104 15

218 2152 371 2235 δηλονότι
398 2157 453 2219 καί
483 2148 521 2219 τὸ
552 2151 662 2219 άίδιον
697 2155 751 2217 καὶ
787 2150 1021 2238 ἀμετάβλητον
1055 2150 1169 2228 αὐτοῖς
1202 2154 1276 2216 εστὶ

214 2271 377 2351 συγγενές.

289 2540 313 2592 3.
342 2539 387 2591 διοὶ
405 2537 448 2604 τί]
469 2540 539 2593 διοτί
555 2540 587 2592 Β.
669 2540 693 2591 d.
722 2535 839 2592 ἑκάστων
859 2540 892 2592 0.
974 2540 999 2591 5.
1027 2534 1110 2603 διότι]
1129 2537 1221 2589 διὰτί
1241 2536 1275 2589 0.

288 2626 313 2678 6.
343 2623 442 2690 taeta]
472 2622 542 2678 θεῶν
568 2624 628 2678 ΒΙ).
670 2619 683 2694 ΙΙ
725 2620 861 2696 άσσυρίων
888 2645 917 2677 τι
945 2625 989 2676 καί
1018 2624 1164 2690 αἰγυπτίων
1191 2621 1275 2674 ΑΕΒ.

288 2711 314 2764 8.
343 2709 376 2781 τῇ
396 2731 445 2763 om.
467 2713 497 2762 A.
592 2712 669 2765 9.10.
698 2710 872 2781 παλαιότερος
893 2708 971 2762 ΑΕΒ.
1067 2709 1108 2761 17.
1136 2705 1273 2776 συγγενές]

288 2792 391 2863 σἰγεννίς
409 2795 440 2858 Β,
468 2792 557 2861 οἷγενίς
575 2796 631 2850 CD.

218 3075 246 3129 iu
266 3074 354 3128 anima
373 3091 571 3143 conservamus,
591 3077 758 3151 animamque
775 3095 825 3152 per
843 3074 909 3132 haec
921 3074 955 3131 ad
967 3075 1033 3130 deos
1046 3071 1202 3139 attollimus,
1221 3069 1274 3126 ele

215 3169 357 3234 ratamque
375 3157 430 3214 illis
448 3178 499 3236 pro
518 3159 590 3216 virili
608 3161 789 3218 admovemus.
840 3161 888 3217 scd
907 3163 1013 3238 quaeris
1036 3179 1118 3236 quare
1140 3160 1211 3213 inter
1234 3156 1274 3212 di-

215 3247 278 3302 vina
296 3245 472 3322 significativa
490 3250 596 3303 nomina
615 3248 725 3304 barbara
744 3248 908 3304 nostratibus
926 3246 1128 3325 anteponimus?
1148 3254 1191 3300 est
1209 3262 1274 3319 quo·

215 3352 268 3407 quc
287 3333 353 3387 ratio
372 3330 451 3387 huius
470 3336 508 3389 rei
527 3337 651 3410 mystica:
672 3337 796 3412 quoniam
815 3336 886 3390 enim
897 3353 1031 3390 sacrarum
1043 3333 1167 3410 gentium,
1186 3328 1274 3386 veluti

215 3418 409 3496 Aegyptiorum
427 3427 455 3473 et
472 3418 656 3495 Assyriorum,
675 3430 762 3476 totum
780 3420 818 3476 dii
831 3439 980 3476 sermonem
993 3439 1099 3476 sacrum
1110 3415 1274 3483 iudicarunt,

214 3503 283 3561 banc
302 3505 337 3560 ob
355 3525 461 3560 causam
479 3504 611 3582 colloquia
631 3516 723 3561 nostra
741 3526 802 3563 cum
820 3506 872 3562 diis
892 3508 1073 3561 existimamus
1090 3512 1218 3580 oportere
1237 3501 1274 3556 ia·

213 3607 276 3644 cere
294 3592 322 3645 in
341 3610 464 3646 sermone
484 3590 536 3647 diis
555 3593 631 3667 quasi
650 3595 766 3668 cognito.
811 3590 880 3647 adde
892 3590 965 3668 quod
977 3592 1057 3647 huius
1070 3591 1203 3646 sermonis
1217 3607 1275 3642 mo·

213 3673 267 3730 dus
284 3676 386 3751 primus
405 3675 486 3733 fuerit
509 3686 537 3732 et
559 3678 772 3753 antiquissimus:
799 3676 914 3754 denique
931 3679 1105 3755 praecipuum
1127 3673 1196 3730 illud
1222 3683 1273 3741 cst,

214 3759 289 3836 quod
307 3764 352 3836 qui
370 3765 457 3840 primo
482 3762 593 3819 deorum
610 3765 717 3819 nomina
740 3763 905 3831 didicerunt,
929 3766 982 3842 ipsi
1005 3785 1066 3820 cum
1088 3781 1137 3819 suo
1160 3761 1274 3838 proprio

210 3865 339 3903 somnone
357 3847 446 3904 divina
465 3851 609 3906 miscentes
627 3850 780 3906 huiusmodi
800 3849 917 3926 regulam
935 3849 1089 3906 traditionis
1108 3847 1144 3904 ad
1160 3866 1212 3902 nos
1230 3866 1276 3902 us·

213 3952 268 4008 que
290 3934 464 3989 transmisere
486 3935 660 3994 immobiliter
683 3936 899 4005 custodiendam,
927 3947 1061 4013 tamquam
1088 3934 1188 3990 divinis
1210 3952 1276 4010 pro·

214 4021 300 4096 priam
317 4027 345 4074 et
362 4021 588 4077 accommodatam
641 4025 666 4078 si
686 4022 750 4099 quid
769 4025 839 4080 enim
858 4022 931 4079 aliud
955 4023 1007 4080 diis
1026 4023 1182 4088 conveniat,
1205 4039 1276 4075 sem-

214 4108 349 4180 piternum
367 4105 456 4181 ipsum
474 4115 502 4160 ct
519 4107 682 4163 immutabile
701 4109 753 4165 diis
772 4120 815 4165 est
831 4130 896 4187 prae
915 4111 1027 4165 caeteris
1046 4116 1196 4183 cognatum.
