2776 4876
161 347 196 402 δὲ
1141 343 1210 408 Ι·.11)

161 502 271 571 αὐτῶν
292 497 512 591 ἀφεστηκότες
533 497 619 566 κατὰ
639 496 701 580 τήν
722 497 840 567 ούσιάν
859 501 915 564 καὶ
929 495 1025 584 μόλις
1039 496 1081 564 δι’
1095 496 1212 582 όμοιό-

162 639 259 697 τήτος
281 612 393 691 αὐτοῖς
414 609 677 698 ἀπεικαζόμενοι,
706 607 761 677 διά
787 614 885 678 τοῦτο
912 605 955 690 δή
981 617 1213 697 κεχωρισμένα

162 729 227 794 τῶν
249 729 406 815 ἐμφανῶν
427 725 519 790 θεῶν
542 725 604 790 stoi
626 724 787 809 δαίμονες.
832 724 897 790 τῶν
911 720 942 788 δ’
956 719 1100 812 ἀφανῶν
1121 724 1243 789 θεῶνε

162 835 350 918 διεστήκασι
376 834 449 903 κατ’
468 832 572 915 αὑτήν
603 829 664 916 τήν
691 836 751 902 τοῦ
778 832 933 926 ἀφανοῦς
961 829 1144 924 διαφοράνῒ
1174 838 1212 901 -oi

161 953 220 1034 piu
242 946 306 1036 γάρ
330 951 485 1034 δαίμονες
506 943 648 1031 ἀόρατοό
669 952 704 1013 st
726 952 788 1012 εισι
807 948 864 1012 ναὶ
886 943 1039 1030 οὐδαμῶς
1052 941 1214 1025 αὶσθήσνι

160 1063 362 1146 περιλήπτοί,
385 1064 416 1126 ot
439 1060 474 1125 di
495 1061 552 1125 καὶ
573 1055 674 1143 λόγου
695 1055 842 1142 γνώσεως
855 1060 913 1125 καὶ
932 1054 1078 1137 νοήσεως
1094 1053 1244 1129 &vidovo

159 1177 350 1258 προέχουσι·
372 1173 428 1237 καὶ
450 1168 536 1236 διότι
557 1166 684 1248 τούτοις
703 1174 787 1238 εἰσὶν
809 1164 973 1252 ἄγνωστοι
991 1170 1048 1235 καὶ
1061 1166 1212 1258 ἀφανεῖς,

161 1280 265 1361 οὕτως
294 1279 555 1368 ἐασνομόζονται
580 1276 665 1348 πολύ
693 1277 917 1372 διαφερόντως
944 1275 967 1362 ή
995 1280 1038 1358 ῶς
1065 1282 1119 1346 ἐπὶ
1147 1281 1212 1349 τῶν

160 1392 327 1480 δαιμόνων
349 1397 477 1480 λέγεται
497 1390 537 1461 τό
553 1392 695 1484 ἀφανές·
719 1395 751 1459 τί
765 1382 843 1474 odo,-
865 1393 931 1458 τῶν
944 1395 1103 1482 ἐμφανῶν
1117 1393 1246 1465 desivi

159 1505 302 1597 ἀφανεῖς
324 1501 416 1585 ὅντες
437 1509 546 1594 ἀχονσι
567 1517 714 1594 κρεῖττον
741 1502 826 1571 καθ’
844 1499 926 1572 όσον
947 1506 1031 1573 εἰσὶν
1051 1502 1211 1594 ἀφανεῖςς

159 1609 380 1703 οὐμενοῦν·
408 1613 447 1686 τὸ
475 1613 540 1704 χάρ
568 1622 667 1685 θεῖον
691 1615 776 1684 ὅπου
804 1614 878 1682 ποτ’
896 1606 982 1706 ἀνῇ
1008 1618 1065 1683 καὶ
1091 1611 1213 1696 ήντινα

160 1724 204 1796 ἀν
231 1733 285 1823 όχφ
313 1730 420 1812 λῆξιν,
445 1727 510 1812 τήν
538 1725 643 1810 αὐτήν
672 1731 732 1815 ἔχει
756 1724 895 1814 δύναμιν
920 1731 978 1795 καὶ
1004 1724 1212 1816 ἐπικράτειαν
1230 1735 1263 1791 12

159 1845 225 1910 τῶν
246 1840 516 1928 ὑποτεταγμένων
537 1837 633 1909 ὅλων.
678 1839 797 1908 ούκοῶν
824 1834 887 1908 κάν
914 1845 1057 1931 ἐμφανὲς
1083 1831 1119 1930 ᾖ,
1145 1842 1213 1906 τῶν

161 1953 304 2045 ἀφανῶν
318 1950 472 2032 ὡσαύτως
487 1950 619 2041 ὲπάρχει
634 1949 810 2039 δαιμόνων,
822 1947 886 2019 ιιάν
898 1948 991 2039 παρά
1002 1955 1064 2037 χήν
1074 1947 1212 2043 ύπάρχφ,

159 2071 225 2133 τῶν
247 2064 366 2155 ἀερίων
387 2063 553 2150 βασιλεύει
574 2062 749 2150 δαιμόνων.
795 2061 834 2130 ού
855 2059 920 2148 γὰρ
932 2061 962 2130 ,ὁ
985 2061 1093 2141 τόποςΙ
1115 2061 1136 2130 ὁ
1156 2064 1211 2131 δε-
1231 2077 1264 2135 15

157 2177 298 2265 χόμενος
321 2177 390 2245 οὐδ’
409 2177 431 2260 ή
453 2180 514 2245 τοῶ
535 2176 662 2263 κόσμου
688 2179 780 2264 μερὶς
807 2187 895 2243 ποιεῖ
920 2171 996 2242 τινὰ
1021 2169 1212 2261 μεταβολήν

161 2295 206 2368 ῶς
226 2284 287 2371 τήν
308 2291 374 2356 τῶν
395 2293 489 2358 θεῶν
511 2287 629 2378 ἀρχήν·
652 2295 741 2374 μόνει
763 2291 798 2356 δὲ
820 2286 841 2370 ἡ
861 2284 945 2369 atu}
960 2290 1131 2374 πανταχοῦ
1139 2288 1212 2357 ,τῶν

231 2472 255 2523 3.
285 2467 355 2521 θεῶν
373 2488 424 2520 om.
444 2470 477 2519 A.
559 2470 584 2520 4.
612 2469 660 2538 τὴν
679 2489 728 2520 om.
749 2469 783 2520 0.
864 2470 888 2520 6.
915 2463 1007 2534 λόχου]
1026 2466 1062 2517 oio
1080 2466 1137 2528 AI),
1165 2467 1211 2520 λό-

230 2576 278 2624 χον
296 2553 329 2608 0.
350 2548 363 2623 ΙΙ
383 2552 558 2615 1νύ1ουςι10.
629 2557 655 2606 t.
683 2551 838 2624 προέχουσι]
857 2553 891 2605 sic
906 2556 937 2616 A,
956 2555 1118 2625 προσέχουσι
1129 2551 1211 2613 BCD,

230 2639 387 2710 ὑπερέχουσι
404 2641 439 2694 Ο.
499 2641 525 2694 8.
552 2638 585 2701 ῶς
603 2660 655 2694 om.
673 2640 706 2694 0.
765 2641 788 2692 9.
816 2642 867 2692 τῶν
885 2658 935 2690 om.
955 2637 988 2691 0.
1038 2640 1080 2693 10.
1098 2635 1211 2708 ἀφανεῖς

230 2724 345 2792 alterum]
358 2729 480 2796 1μφανεῖς
494 2730 525 2779 Α.
598 2729 641 2780 11.
664 2717 693 2798 ή]
712 2717 728 2795 ι]
747 2727 801 2788 Ac,
818 2717 849 2796 ἦν
867 2727 900 2778 0.
921 2719 934 2794 Ι]
954 2724 1047 2795 ήντινα
1063 2725 1158 2796 ociipsi,
1177 2724 1211 2780 ἀν

231 2832 293 2865 τινα
305 2811 384 2873 BCD,
402 2811 496 2865 ἅντινα
514 2813 547 2866 Ο.
619 2816 660 2867 11.
689 2811 829 2879 ὡσαύτως]
848 2813 882 2864 εἰσ
902 2811 1022 2874 111),οω
1039 2811 1073 2864 0.
1094 2807 1108 2881 Ι]
1128 2813 1212 2886 ἐπόρ-

230 2895 286 2964 χει]
306 2896 375 2948 nien
395 2898 481 2949 Fesch.
500 2898 580 2964 Regii,
598 2897 711 2972 ὑπάρχει
728 2900 761 2952 Ο.
834 2901 875 2952 11.
889 2901 929 2951 15.
958 2895 1008 2952 κάν
1025 2901 1212 2970 παρὰ-δαι-

230 2981 328 3055 μόνων]
345 2983 381 3035 εἰο
398 2984 480 3048 BCD,
498 2985 584 3037 δοιώ.
602 2986 681 3052 Regii,
704 3007 754 3038 om.
775 2987 807 3038 0.

161 3181 221 3236 istis
239 3179 368 3237 disiuncti
387 3190 461 3248 sunt,
486 3192 514 3237 et
530 3185 576 3238 vix
593 3181 767 3240 similitudine
785 3203 832 3240 eos
856 3193 1066 3261 repraesentant,
1087 3181 1158 3242 ime
1177 3184 1213 3239 ob

108 3312 110 3316 .
161 3269 289 3324 rationem
300 3288 317 3322 ιι
328 3267 381 3324 ι111ε
393 3270 546 3345 conspicuis
564 3269 788 3327 disterminantur.
832 3280 861 3327 et
877 3291 894 3326 a
904 3268 958 3327 diis
969 3271 1151 3348 inconspiouis
1163 3268 1213 3327 dii·

162 3353 250 3412 ferunt
267 3375 300 3412 eo
318 3352 392 3430 quod
402 3355 570 3432 inconspicui
581 3366 656 3412 sont:
675 3356 817 3414 doemones
829 3358 899 3414 enim
911 3378 960 3415 neo
972 3356 1058 3419 oculis
1069 3377 1119 3414 noo
1129 3377 1213 3415 semu

160 3440 214 3498 clio
231 3443 338 3519 percipi
355 3450 479 3518 possunt,
497 3441 535 3498 dii
553 3463 618 3499 vero
635 3445 716 3500 etium
734 3445 837 3500 ratione
854 3445 965 3500 notitiae
980 3453 1010 3500 et
1020 3442 1212 3520 intelligentias

160 3525 308 3585 materialis
326 3526 501 3585 antecellunt:
520 3539 548 3587 ct
566 3531 628 3606 quic
643 3529 688 3586 tis
706 3540 769 3586 sunt
786 3531 914 3607 incogniti
931 3540 959 3587 et
976 3532 1151 3609 inconspicni,
1169 3532 1211 3587 sic

161 3611 336 3689 appellentur,
356 3614 405 3673 scd
422 3613 502 3692 longe
519 3615 572 3671 aiio
589 3615 624 3673 de
643 3636 720 3673 ceusu
738 3635 817 3692 quam
835 3616 977 3674 doemones
993 3618 1161 3694 inconopieui
1173 3617 1212 3676 di·

163 3707 266 3754 cuntur.
301 3699 368 3775 quid
384 3703 481 3804 igitur?
469 3700 604 3759 imelius
621 3723 683 3760 sese
701 3702 799 3759 hebent
816 3703 854 3760 dii
865 3705 1040 3781 inconspioni,
1056 3703 1131 3780 quod
1142 3702 1211 3761 tales

162 3786 225 3851 sint,
245 3804 323 3860 quam
339 3791 496 3866 conspicui?
523 3791 640 3847 minime:
670 3789 743 3892 quod
764 3792 835 3847 enim
856 3790 976 3848 divinum
997 3801 1044 3847 est
1059 3791 1212 3867 ubicunque

162 3869 270 3927 tandem
287 3873 324 3926 sit
341 3883 386 3928 ant
402 3895 587 3980 quemcumpie
603 3878 769 3954 provinciam
785 3881 921 3944 sortietur,
940 3876 1050 3935 eundem
1066 3875 1147 3936 hebet
1163 3896 1211 3954 po-

162 3959 273 4016 tentiam
291 3967 318 4013 et
335 3955 484 4016 ditionem
476 3983 504 4017 m
515 3966 639 4020 universo
651 3963 704 4019 sibi
715 3964 843 4022 subiecto.
888 3967 1022 4021 enimvero
1035 3966 1060 4020 si
1072 3965 1211 4040 conspicui

163 4043 307 4147 diquando
324 4043 424 4112 fiant,
417 4048 569 4121 lmperitont
586 4049 785 4108 daemonibus
777 4053 966 4152 moonspicuis‚
989 4060 1071 4129 atque
1086 4052 1168 4107 etiem
1185 4052 1210 4107 si

164 4133 234 4188 circu
252 4141 351 4189 terrum
368 4140 517 4198 versentur,
532 4131 707 4192 daemonibus
725 4139 811 4193 citreis
829 4138 1013 4203 dominantum
1034 4157 1123 4213 neque
1138 4139 1211 4194 enin

162 4215 239 4276 locos
256 4219 389 4297 recipiens
407 4227 453 4281 cut
470 4216 561 4275 mundi
577 4221 667 4294 portio
685 4221 820 4297 quaelihet
837 4223 981 4300 quidquem
992 4225 1106 4302 imperio
1117 4223 1209 4284 divino
