2776 4876
213 347 285 410 aar
1219 351 1270 406 ιω

213 527 272 569 τον
295 500 380 577 εἶδος
399 507 697 591 χαρακτηριστέον·
726 501 797 568 οὐδ’
818 503 847 568 εἰ
867 529 941 570 τινα
965 502 1052 572 ἀλλα
1074 512 1269 595 πορρωτέρω

212 617 268 679 καί
296 611 420 678 τούτων
448 609 633 696 ἀπῴκισται
668 616 775 702 φενδῆ
804 619 859 682 καὶ
889 613 1044 698 ἀπατηλά
1075 613 1271 704 ἰνδάλματα,

178 741 193 791 3
212 728 318 790 ταῦτα
340 730 547 813 παραφέρειν
569 722 664 804 ἀξιον
687 732 731 802 εἰς
753 722 814 806 την
836 731 911 813 περὶ
933 727 1035 808 αὐτῆς
1057 731 1172 816 κρίσιν.
1196 727 1272 795 ἀλλ’

213 842 270 901 ένα
293 831 394 919 λόγον
421 837 477 900 καὶ
505 838 587 920 μίαν
614 834 708 915 τάξιν
736 839 793 903 καὶ
820 837 958 932 καθ’δφ
988 837 1026 907 τό
1055 843 1155 905 θεῖον
1183 838 1269 918 aldae

212 948 268 1011 καί
288 940 374 1010 κατά
403 949 484 1029 μίαν
513 942 573 1026 τὴν
602 944 724 1028 νοητην
752 953 809 1015 καί
837 948 1072 1034 ἀμετάπτωτον
1101 947 1268 1030 ἀλήθειαν

178 1060 414 1138 οσυλληπτίον
436 1054 527 1137 αύτό,
550 1055 706 1136 ὡσαύτως
727 1065 784 1127 καί
806 1058 868 1143 τήν
882 1057 1001 1128 άλλοτε
1017 1058 1124 1140 άλλως
1139 1060 1267 1141 egrota—
1298 1120 1302 1130 .

212 1173 315 1253 μένην
336 1165 527 1252 μεταβολήν
549 1167 593 1245 ἀς
615 1167 844 1255 ἀστάθμητον
871 1176 927 1240 καὶ
956 1171 1169 1262 ἀνάρμοστον
1197 1179 1268 1250 τοῖς

211 1282 308 1356 θεοῖς
330 1277 559 1362 ἀτιμάζοντας.
655 1333 657 1337 ‚

177 1412 192 1462 9
301 1394 345 1457 ut
366 1388 408 1472 δὴ
433 1389 585 1458 τοιοῦτόν
606 1399 675 1459 ἐστι
696 1390 734 1459 τό
758 1389 860 1472 ὄντος
873 1389 1033 1479 μαντικὸν
1048 1398 1147 1462 θεῖον
1162 1399 1266 1481 ἔργον,

211 1506 261 1580 τίς
283 1501 343 1569 ούκ
365 1499 407 1569 ἀν
430 1506 626 1589 αἰσχυνθείη
649 1500 710 1584 τὴν
733 1499 812 1572 ἀνευ
835 1507 986 1584 διανοίας
1007 1508 1063 1572 καὶ
1086 1505 1126 1574 οὐ
1148 1502 1191 1574 τά
1215 1532 1265 1592 γι-

210 1610 355 1699 γνόμενα
378 1612 609 1680 ἀποτελοῦσαν
631 1612 732 1705 φύσιν
753 1621 967 1706 παραφέρειν,
993 1615 1039 1693 ὡς
1060 1615 1266 1699 κατασκευήν

158 1744 192 1794 12
210 1747 284 1789 τινα
300 1723 568 1815 ἀπεργαζομένην
583 1731 618 1791 ἐν
632 1723 713 1809 ἡμῖν
726 1725 896 1812 μαντικήν,
911 1731 966 1804 καί
982 1732 1125 1812 τοῖςμέν
1134 1731 1265 1813 μᾶλλον

210 1838 400 1903 ἐντιθεῖσαν
423 1849 492 1914 τοῖς
521 1839 555 1904 δέ
579 1828 679 1918 ἧττον
700 1833 762 1917 τήν
784 1835 1031 1918 ἐπιτηδειότητα
1059 1837 1199 1922 ταύτην;
1229 1845 1265 1906 έν

210 1945 260 2023 οἷς
279 1950 340 2031 μέν
361 1944 426 2036 μάρ
448 1942 627 2036 άνθρωποι
640 1944 724 2034 πρός
738 1942 799 2028 τὴν
814 1953 939 2015 οἰκείαν
953 1946 1140 2030 τελειότητα
1155 1948 1265 2040 ἀφορ-

158 2082 191 2132 15
208 2053 275 2144 μάς
297 2057 453 2148 εἰλήφασι
474 2054 567 2144 παρά
588 2063 648 2140 τῆς
669 2056 806 2149 φύσεως,
833 2066 869 2126 έν
891 2058 1019 2138 τούτοις
1040 2064 1096 2127 καὶ
1118 2063 1178 2142 τῆς
1201 2056 1264 2150 φύ-

211 2193 289 2247 σεως
311 2172 536 2256 προηγοῦνταί
558 2193 642 2246 τινες
663 2168 937 2250 ἐπιτηδειότητες·
961 2177 997 2238 έν
1012 2170 1061 2249 οἷς
1077 2174 1111 2238 δὲ
1126 2167 1263 2257 ἀνθρύ-

176 2286 179 2292 ’
208 2281 305 2346 πινον
326 2284 387 2364 μὲν
408 2279 504 2347 οὐδὲν
526 2283 623 2365 έργον
651 2278 837 2367 πρόκειται,
868 2280 942 2347 οὐδὲ
970 2285 1062 2359 τέλος
1090 2281 1263 2372 ἡμέτερον·

115 2407 116 2411 ’
158 2412 191 2463 18
211 2395 308 2458 θεῖον
331 2390 362 2458 δ’
382 2391 411 2458 εἰ
430 2416 463 2458 τι
483 2396 702 2478 προτέτακται
715 2388 938 2480 πρεσβύτερον
953 2396 1011 2473 τῆς
1026 2391 1156 2483 φύσεως
1169 2389 1263 2476 ἡμῶν

209 2501 356 2589 ἀγαθόν,
379 2501 437 2569 ούκ
460 2505 548 2570 έστιν
570 2499 657 2580 ὅπως
686 2506 764 2569 ποτὲ
787 2508 822 2570 έν
850 2500 979 2581 τούτοις
1001 2503 1120 2593 εύφνία
1144 2528 1192 2581 τις
1220 2496 1263 2568 ἀν

279 2676 304 2725 2.
332 2667 479 2725 ἀπόκιστωι
496 2671 531 2722 D.
649 2673 674 2723 6.
702 2673 747 2723 καί
765 2669 828 2740 τὴν]
846 2670 882 2722 alc
899 2672 995 2734 Facie,
1022 2672 1071 2739 τὴν
1089 2672 1128 2736 D,
1155 2690 1206 2723 om.
1226 2671 1261 2723 0.

281 2761 314 2812 18
350 2754 528 2826 d’aiscripai,
555 2759 586 2810 δέ
602 2757 636 2810 Ο.

209 2947 322 3004 aequum
345 2936 387 2984 est
409 2927 436 2980 in
459 2923 604 2981 collatione
625 2945 687 2982 cum
705 2946 736 2981 ea
752 2925 886 2983 adducere
909 2929 1003 3003 siqua
1027 2926 1077 2985 alia
1095 2937 1158 2985 sunt
1180 2927 1261 2985 dictis

208 3017 269 3071 istis
288 3013 416 3070 alieniora
434 3009 501 3068 falsa
519 3022 547 3068 et
563 3009 667 3069 fallacia
685 3014 894 3089 imaginameuta.
939 3012 988 3070 sed
1006 3013 1096 3070 divina
1119 3012 1184 3071 baec
1201 3034 1262 3090 spe·

208 3103 263 3157 cies
280 3101 400 3158 vaticinii
418 3097 569 3155 definienda
586 3109 629 3155 est
645 3119 696 3177 per
712 3119 791 3155 unam
803 3101 933 3156 rationem
945 3119 1026 3155 unum
1039 3098 1160 3154 ordinem
1172 3118 1261 3154 unam·

209 3208 261 3264 que
278 3184 473 3262 intelligibilem
485 3185 730 3262 immutabilemque
741 3188 892 3243 veritatem:
910 3188 1064 3263 pariterque
1075 3203 1203 3260 respuere
1216 3182 1260 3240 de-

207 3275 300 3330 bemus
319 3292 424 3328 omnem
441 3273 615 3329 variationem
632 3270 710 3328 aliter
733 3281 814 3348 atque
831 3271 909 3328 aliter
932 3268 1120 3338 errabundam,
1144 3279 1261 3346 atquae

207 3359 340 3416 instabilis
358 3361 395 3415 sit
413 3369 441 3414 et
458 3359 510 3414 diis
529 3377 696 3436 nequaquam
714 3360 885 3415 conveniens.

277 3445 368 3519 Quare
386 3447 411 3500 si
429 3466 523 3502 verum
539 3446 695 3502 vaticinium
713 3447 751 3501 sit
768 3444 835 3502 adeo
854 3444 899 3501 dei
916 3462 985 3520 opus
1003 3439 1179 3505 manifestum,
1198 3442 1259 3516 qula

206 3552 261 3587 non
279 3530 419 3586 erubescat
436 3542 539 3588 tantum
555 3532 674 3588 tribuere
693 3553 787 3589 caecae
809 3541 918 3587 naturae
936 3549 1058 3605 quaeque
1079 3547 1115 3584 ne
1136 3546 1184 3583 sua
1203 3527 1261 3602 qui·

206 3617 268 3674 dem
286 3635 368 3693 opera
385 3636 435 3692 per
452 3638 483 3674 se
500 3618 631 3695 perficiat,
649 3639 681 3674 ao
699 3620 723 3674 si
742 3617 861 3675 efficeret
878 3619 907 3672 in
924 3615 1003 3672 nobis
1021 3613 1213 3691 dispositiones
1224 3611 1260 3670 ad

205 3703 370 3769 vaticinium,
395 3713 474 3778 atque
491 3701 541 3759 bos
561 3703 668 3780 quidem
686 3706 770 3780 magis
788 3702 851 3759 illos
873 3703 961 3758 minus
983 3701 1169 3778 praepararetl
1194 3712 1260 3759 sane

207 3789 305 3866 quibus
323 3789 351 3842 in
370 3788 450 3844 rebus
469 3787 503 3844 ad
520 3788 668 3846 naturalem
684 3789 876 3868 perfectionem
893 3786 1030 3843 hausimus
1048 3808 1063 3842 a
1080 3795 1173 3843 natura
1194 3786 1260 3843 inci·

206 3884 330 3954 tamenta,
354 3873 388 3930 ad
406 3874 513 3930 easdem
531 3896 546 3930 a
564 3885 657 3932 natura
674 3878 783 3954 praevia
804 3874 883 3930 nobis
906 3873 1088 3931 conceduntur
1109 3875 1211 3930 semina
1232 3881 1260 3927 et

207 3961 382 4039 aptitudines;
407 3961 504 4038 quibus
522 3970 611 4017 autem
627 3963 656 4017 in
673 3961 753 4017 rebus
771 3957 840 4015 nibil
857 3959 892 4016 de
909 3970 1003 4016 nostro
1025 3963 1187 4038 praecurrit,
1209 3977 1259 4015 nee

207 4068 298 4105 earum
315 4049 377 4104 linis
395 4057 488 4104 noster
506 4046 656 4105 censendae
679 4055 728 4104 est.
774 4045 879 4122 quaudo
901 4056 987 4104 autem
1009 4047 1129 4106 divinum
1151 4042 1260 4120 aliquod

207 4135 306 4191 bonum
323 4144 516 4212 praestruatur,
535 4133 661 4211 quodque
678 4143 771 4190 namra
788 4142 879 4189 nostra
897 4136 972 4211 prius
990 4135 1035 4201 sit,
1054 4135 1092 4191 ibi
1104 4152 1157 4188 non
1168 4138 1260 4207 potest

127 4261 131 4270 -
209 4222 346 4278 substerni
365 4221 398 4278 ad
416 4220 445 4277 id
455 4221 649 4301 perficiendum
660 4231 770 4279 naturae
780 4220 894 4278 bouitas.
939 4221 1036 4297 quibus
1048 4221 1119 4276 enim
1130 4214 1260 4297 perfectio
