2776 4876
413 331 465 389 Th.
484 331 562 389 Galei
581 341 741 410 conspectus
761 334 843 388 totius
862 335 961 410 operis.
1176 351 1214 392 cr

161 489 243 546 dium.
287 510 321 546 ex
338 491 391 548 boe
409 490 477 548 alius
497 491 562 549 deus
582 494 627 568 qni
646 493 688 549 sni
705 501 782 568 pater
800 501 827 547 et
845 492 897 548 sibi
915 491 1052 549 sufficiens
1069 492 1167 548 dicitnr
1185 512 1214 546 se

159 585 249 662 ipsum
267 582 367 640 elicuit.
411 585 440 641 hi
459 586 511 642 duo
531 586 563 641 ab
582 585 707 641 Hermete
725 595 787 642 ante
804 586 938 643 aetherios
956 585 1021 641 deos
1040 596 1067 642 et
1079 588 1215 664 empyrios

160 688 188 734 et
206 674 336 734 caelestes
354 678 527 736 collocantur.

210 801 212 806 ·
230 775 255 827 3.
291 771 336 828 De
347 773 407 830 aliis
420 773 532 830 deorum
543 794 591 830 seu
602 776 797 852 principiorum
808 774 947 830 ordinibus
964 777 1038 830 iuxta
1050 773 1214 840 Hermetem,

159 865 273 944 Emepb,
285 864 392 936 Eicton,
405 868 502 935 Amun,
514 867 609 937 Phtha,
623 868 725 925 Osiris:
744 869 811 925 solis
825 879 853 924 et
864 868 942 925 lunae
953 870 1129 946 principatus,
1148 867 1215 925 caeli

160 963 189 1017 in
206 963 294 1017 varias
312 971 402 1038 partes
422 962 528 1018 divisio.
574 965 700 1019 materiae
717 963 867 1042 productio.

230 1060 255 1112 t.
292 1054 370 1110 Libri
389 1057 435 1131 qui
453 1055 587 1114 Hermetis
605 1077 703 1114 nomen
719 1057 873 1136 praeferunt
895 1059 953 1111 eius
972 1058 1113 1133 opiniones
1132 1059 1215 1112 conti·

159 1160 238 1218 nent,
261 1152 333 1207 versi
356 1170 389 1207 ex
411 1151 574 1227 Aegyptiaca
596 1149 691 1228 lingna.
738 1151 907 1209 Chaeremon
930 1149 1061 1205 mundana
1083 1153 1214 1228 principia

159 1255 263 1301 tantum
281 1244 434 1323 descripsit,
458 1243 504 1300 alii
523 1248 569 1321 qui
587 1244 622 1302 de
639 1246 748 1304 decanis
767 1256 794 1303 et
811 1245 972 1322 horoscopis
991 1247 1133 1322 scripsere,
1156 1266 1215 1323 par·

159 1338 289 1397 ticularia.
334 1338 561 1395 Salmeschiniaca
579 1343 714 1397 minimam
732 1351 836 1420 partem
854 1342 992 1396 continent
1004 1338 1215 1396 Hermeticarum

161 1436 393 1490 constitutionum.
440 1454 521 1511 supra
539 1445 659 1491 naturam
677 1434 759 1492 multa
781 1443 886 1513 ponunt
903 1433 1040 1510 Aegyptii,
1064 1454 1112 1488 ens
1134 1454 1215 1490 unum

159 1528 314 1595 indivisum,
326 1527 399 1583 aliud
410 1528 534 1584 divisum.
562 1528 596 1583 ad
608 1528 688 1586 deum
699 1539 727 1586 et
738 1528 904 1605 demiurgum
915 1549 964 1606 per
976 1548 1050 1584 sacra
1060 1527 1215 1584 ascendunt.
1233 1569 1236 1575 .

231 1627 255 1677 ⁵.
291 1620 370 1677 Viam
388 1625 557 1699 anagogicam
574 1625 676 1700 primus
696 1623 789 1679 docuit
807 1623 927 1689 Hermes,
946 1643 1025 1698 qnam
1040 1642 1074 1679 ex
1086 1621 1216 1699 hierogly-

159 1714 248 1794 phicis
271 1716 402 1795 propbeta
424 1718 504 1792 Bitys
528 1719 719 1794 interpretatus
742 1728 791 1774 est.
842 1717 886 1772 dei
909 1737 1005 1772 nomon
1030 1717 1103 1794 quod
1127 1720 1214 1773 omnia

159 1813 314 1888 pertransit.

208 1977 211 1984 Ι
232 1909 259 1962 6.
297 1904 379 1978 Quod
396 1904 511 1962 liberum
529 1916 650 1962 nostrum
667 1907 807 1963 arbitrium
825 1926 878 1962 non
897 1905 995 1969 sitsuh
1008 1905 1069 1961 fato.
1107 1909 1216 1963 exscri-

159 2002 216 2078 ptis
234 1999 369 2056 llermetis
388 1998 454 2056 duas
472 2002 499 2057 in
518 1999 627 2058 homine
645 2021 706 2058 esse
724 2004 833 2067 animas,
854 2021 903 2078 per
920 2003 1086 2079 superiorem
1103 2003 1216 2058 animam

159 2117 174 2150 a
192 2094 247 2152 fsto
265 2093 417 2151 liberamur.

232 2193 256 2244 t.
291 2188 355 2245 Diis
377 2187 459 2245 iatum
480 2210 535 2246 non
557 2189 668 2265 affigunt
689 2189 825 2267 Aegyptii.
868 2192 941 2246 vires
966 2210 1033 2266 quae
1056 2211 1070 2245 a
1094 2190 1148 2246 diis
1171 2191 1216 2246 de·

159 2283 247 2338 fluunt
265 2285 293 2338 in
311 2285 423 2359 genesin
441 2283 523 2340 iatum
542 2283 684 2362 complent.

231 2382 256 2434 8.
291 2376 341 2433 Dii
357 2375 466 2433 caelites
484 2375 538 2433 lato
557 2398 607 2434 nos
625 2380 764 2435 innectunt
781 2388 810 2433 et
827 2376 936 2433 solvunt
947 2380 1020 2434 iuxta
1037 2377 1157 2434 diverses
1169 2399 1216 2457 po·

160 2473 267 2527 tentius.
315 2473 451 2548 potentiae
473 2474 502 2527 in
525 2471 578 2527 diis
602 2474 755 2551 conspicuis
778 2472 907 2548 quaedam
929 2470 1133 2530 intellectuales.
1178 2471 1216 2530 dii

161 2565 289 2623 mundani
312 2576 340 2622 et
362 2567 577 2644 supramundani.
622 2565 695 2644 leges
719 2564 873 2644 theurgicae
896 2577 1025 2624 aeternae.
1071 2571 1216 2624 animarum

162 2660 309 2716 descensus
328 2670 356 2715 et
372 2680 501 2717 ascensus
520 2660 620 2717 nullam
638 2663 665 2717 in
684 2661 736 2719 deo
754 2672 866 2738 arguunt
884 2663 1065 2718 mutationem.

605 2896 720 2954 Sectio
747 2902 773 2955 9.

234 3041 257 3093 l.
294 3037 338 3093 De
356 3037 485 3094 daemone
497 3057 545 3093 seu
556 3040 634 3114 genio
646 3040 757 3116 proprio
770 3037 870 3116 duplex
882 3038 1012 3108 doctrina,
1031 3038 1115 3095 altera
1129 3039 1216 3096 theur-

162 3134 221 3208 gica
240 3131 322 3188 altera
340 3132 485 3188 artificiosa
504 3143 531 3188 et
549 3132 777 3210 genethliologica.

231 3231 256 3283 2.
293 3225 457 3282 Daemonem
474 3230 613 3304 proprium
630 3248 712 3304 posse
730 3229 820 3284 vocari
839 3249 854 3283 a
873 3227 981 3284 decanis
1000 3248 1013 3281 a
1033 3225 1091 3282 sole
1109 3237 1136 3282 et
1155 3226 1215 3282 luna

162 3329 190 3376 et
207 3321 395 3397 oecodespote.

177 3483 180 3487 ι
233 3419 258 3471 3.
295 3414 339 3471 Αιι
358 3414 439 3471 latum
457 3436 534 3471 snum
553 3418 642 3493 possit
659 3417 720 3492 quis
739 3415 856 3473 devitare
875 3436 908 3472 ex
930 3414 1064 3472 schemate
1081 3417 1216 3492 geniturae

164 3511 269 3585 cognito
289 3520 316 3565 et
333 3512 444 3587 proprio
463 3513 572 3566 invento
592 3509 727 3566 daemone.
773 3530 889 3567 canones
911 3512 939 3564 in
960 3508 1165 3587 genethliologia
1183 3532 1215 3567 an

163 3602 426 3681 comprehensibiles.

234 3704 260 3753 l.
295 3697 518 3755 Jncertitndinem
536 3700 664 3754 scientiae
681 3696 861 3774 genethliacus
880 3695 1048 3752 Chaeremon
1067 3696 1165 3776 aliique
1176 3719 1216 3756 sr-

162 3803 258 3868 gunnta
277 3793 348 3849 unde
365 3791 431 3848 haec
449 3803 476 3847 et
495 3791 561 3847 aliae
580 3812 672 3847 omnes
691 3793 818 3847 scientiae
836 3793 992 3847 incertiores
1012 3792 1133 3849 evadunt.
1176 3813 1216 3848 ar·

162 3890 284 3964 gumenta
310 3908 344 3943 ex
366 3886 592 3965 praedictionibus
615 3884 755 3962 eclipsium
779 3895 806 3939 et
829 3885 1060 3943 observationibus
1084 3908 1138 3944 non
1156 3907 1216 3943 esse

162 3979 257 4037 falsam
275 3981 428 4038 ostendunt.

234 4081 258 4131 5.
295 4074 424 4132 Fatentur
442 4073 619 4131 mathematici
637 4074 833 4152 impossibilem
855 4095 924 4153 pene
943 4097 1003 4133 esse
1021 4076 1215 4152 oecodespotue

163 4172 352 4226 inventionem.
398 4189 480 4248 posse
498 4189 556 4225 eam
574 4171 700 4246 cognosci
717 4191 766 4248 per
782 4168 936 4246 theurgiam.
