2776 4876
209 361 262 426 8,2
1210 359 1263 415 ael

209 517 342 603 μυρίαις
362 516 501 600 βίβλοις,
524 515 568 594 ὡς
590 516 758 593 Σέλευκος
779 511 1011 607 ἀπεγράψατο,
1034 511 1056 596 ἢ
1078 524 1152 594 ταῖς
1173 538 1263 604 τρισ-

209 629 341 715 μυρίοις
363 650 397 692 τε
419 631 475 694 καὶ
498 627 729 714 ἑξακισχιλίοις
750 629 807 693 καὶ
828 631 1061 704 πεντακοσίαις
1083 630 1140 695 καὶ
1163 629 1264 696 είκοσι

174 754 190 805 3
209 742 312 816 πέντε,
336 736 379 815 ὡς
402 734 576 815 Μανεθὼς
598 742 730 824 ἱστορεῖ,
753 741 867 816 τελέως
889 737 1041 820 ἀνέδειξε.
1079 734 1139 817 τάς
1161 737 1190 804 δ
1210 743 1265 806 ἐπὶ

209 854 274 914 τῶν
296 843 383 915 κατά
404 854 504 936 μέρος
534 847 654 917 οὐσιῶν
682 845 780 917 ἀλλοι
802 844 907 927 ἀλλας
936 846 1172 934 διαβάλλοντες
1198 853 1265 917 τῶν

209 963 360 1026 παλαιῶν
381 962 550 1046 πολλαχοῦ
573 958 827 1048 διερμηνεύουσι.
873 962 923 1027 δεῖ
951 962 985 1028 δὲ
1013 959 1162 1042 τάληθὲς
1190 963 1265 1046 περὶ

175 1093 191 1145 η
209 1075 324 1137 πασῶν
347 1069 579 1155 ἀνευρεθῆναι,
602 1070 771 1156 συντόμως
792 1095 826 1137 τε
849 1069 939 1160 αὐτό4
963 1093 1017 1139 σοι
1039 1067 1124 1139 κατά
1146 1068 1185 1138 τό
1209 1073 1264 1138 δυ-

209 1177 312 1248 νατόν
333 1183 571 1269 διερμηνεῦσαι.
605 1185 662 1249 καὶ
683 1185 815 1272 πρῶτον
837 1186 897 1268 μὲν
911 1179 930 1249 ὃ
944 1187 1076 1269 πρῶτον
1091 1180 1265 1271 ἠρώτησας

208 1297 283 1383 περὶ
305 1289 424 1360 τούτου
446 1289 553 1361 ἀκουε.

175 1422 191 1472 9
297 1402 375 1493 Πρὸ
404 1409 470 1471 τῶν
498 1400 602 1482 ὄντος
630 1400 735 1472 όντων
763 1408 912 1473 καὶτῶν
940 1403 1027 1472 ὅλων
1055 1404 1166 1493 ἀρχῶν
1194 1407 1301 1471 insit

209 1511 293 1594 θεός
315 1513 369 1595 εἷς,
397 1513 557 1605 πρότερος
578 1519 634 1582 καὶ
655 1519 715 1582 τοῦ
741 1513 873 1603 πρώτου
893 1519 982 1583 θεοῦ
1009 1521 1066 1584 καὶ
1094 1518 1264 1601 βασιλέως,

209 1624 363 1707 ἀκίνητος
385 1632 421 1693 ὲν
441 1623 603 1712 μανότητι
622 1630 683 1708 τῆς
703 1629 823 1693 ἑαυτοῦ
845 1624 1000 1708 ἑνότητος
1026 1632 1143 1714 μόνον.
1189 1621 1264 1693 οὔτε

157 1751 192 1802 12
208 1732 273 1827 γάρ
295 1732 416 1818 νοητόν
438 1736 528 1823 αὐτῷ
549 1741 752 1805 institimus
774 1734 848 1803 οὔτε
870 1734 953 1805 ἀλλο
976 1761 1023 1804 τι·
1052 1735 1265 1826 παράδειγμα

210 1849 245 1913 δὲ
267 1851 395 1936 ἵδρυται
417 1853 476 1916 τοῦ
498 1845 729 1937 αὐτοπότορος
751 1846 936 1935 αὐτογόνου
957 1852 1014 1916 καὶ
1031 1846 1265 1939 μονοσιότορος

210 1962 297 2026 θεοῦ
317 1961 377 2027 τοῦ
398 1955 501 2039 ὄντας
522 1959 669 2046 ἀγαθοῦ.
706 1961 820 2045 μεῖζον
841 1957 906 2047 γάρ
929 1985 961 2026 τι
982 1963 1039 2026 καί
1060 1963 1191 2048 πρῶτον
1208 1962 1265 2025 καὶ

283 2195 306 2244 1.
334 2190 367 2251 ὥς
385 2189 528 2257 Σέλευκος]
547 2192 612 2255 „isto
630 2189 734 2242 nomine
752 2190 836 2258 plures
855 2189 966 2243 veniunt.
1002 2191 1115 2243 sacerdos
1132 2189 1174 2242 hic
1189 2189 1266 2242 fuisso

282 2276 378 2329 videtur
396 2277 490 2329 euhoe
512 2275 577 2328 loco.
613 2290 637 2328 ot
655 2274 810 2348 Porphyrius
827 2276 860 2327 II.
880 2272 977 2342 [αδδ]
1001 2276 1033 2327 de
1050 2278 1111 2327 abst.
1130 2275 1264 2329 seleucum

281 2364 425 2431 theologum
437 2375 628 2428 commo-moram
639 2360 730 2414 Suidss
741 2360 776 2413 ait
786 2359 919 2429 Seleucum
933 2359 1130 2413 Alexandrinum
1142 2358 1266 2429 scripsisse

281 2451 342 2520 περὶ
352 2451 424 2504 θεῶν
435 2450 523 2517 βιβλία
533 2444 559 2519 ρ’
587 2448 662 2500 eredo
674 2445 836 2500 Mercuriales
854 2445 881 2498 in
899 2446 1025 2516 epitomen
1038 2444 1183 2512 redegisse?
1202 2444 1267 2497 Gala

280 2550 333 2589 not.
408 2537 466 2589 1.2.
494 2531 678 2605 τρισμυρίαις]
696 2552 830 2586 numerum
843 2534 930 2587 36525
949 2552 1000 2585 non
1019 2535 1050 2586 ad
1069 2532 1148 2584 libros
1160 2532 1265 2584 Herme-

280 2620 342 2674 ticos
358 2622 400 2674 sed
419 2622 450 2674 ad
468 2619 655 2686 chronologiam
672 2619 797 2690 pertinere
817 2633 884 2689 patet
901 2640 930 2673 ex
947 2620 1036 2672 Vetere
1054 2617 1180 2672 Chronico
1198 2617 1265 2687 apud

281 2708 425 2778 Synoellum
446 2709 470 2769 1,
487 2709 521 2761 97
540 2704 618 2759 Dind.
637 2705 723 2773 viginti
746 2721 769 2759 et
791 2705 904 2777 quinque
926 2706 1023 2776 periodi
1041 2705 1171 2761 Sothiacas
1192 2703 1265 2755 illurn

280 2813 414 2846 nnmerum
426 2792 568 2847 conficiunt.
587 2794 867 2848 1461><2⁶=3652t
887 2795 918 2846 cf.
933 2793 1035 2846 Boeokh
1049 2791 1170 2846 Manotho
1185 2811 1211 2860 p.
1224 2791 1265 2842 17.

280 2883 306 2934 3.
336 2879 468 2941 Μενεθελς
486 2879 541 2945 AC,
560 2880 697 2944 Μενοίτης,
715 2879 826 2934 Fioinus.
898 2881 936 2955 ⁴7
951 2879 1119 2946 διαλαβόντες
1137 2877 1265 2930 Galsnot.

281 2970 307 3020 d.
337 2965 380 3034 dt]
399 2969 433 3036 δη
452 2969 483 3019 Α.
556 2969 598 3021 10.
629 2964 773 3038 πρότερος]
792 2966 871 3031 sicA,
889 2961 1266 3039 πρότιοςΒῦῦετωετςοΑ,

282 3050 383 3124 πρῶτος
402 3052 435 3106 0.
517 3055 558 3106 id.
586 3049 664 3113 ὄντος
682 3051 712 3105 C.

212 3275 318 3354 quidem
336 3275 497 3333 universalia
515 3275 628 3333 Hermes
646 3278 705 3353 ipse
723 3274 834 3331 tradidit
856 3273 958 3330 duabus
983 3270 1147 3328 voluminum
1172 3269 1304 3348 myria-2

211 3361 299 3430 dibus,
317 3372 347 3418 ut
364 3372 454 3419 narrat
471 3361 610 3430 Seleucus,
629 3360 674 3418 τε]
691 3370 721 3416 ut
738 3359 872 3427 manetho,
890 3359 1022 3415 librorum
1038 3379 1087 3415 sex
1105 3356 1266 3414 chiliadibus

212 3450 364 3525 quingentis
382 3459 410 3504 ετ
426 3450 521 3524 viginti
540 3451 658 3525 quinque
677 3466 757 3524 supra
774 3457 831 3503 tres
849 3443 985 3522 myriadas
1004 3443 1200 3522 perfectissimo
1222 3443 1267 3498 do·

211 3535 378 3590 monstravit.
424 3536 535 3613 propria
552 3553 618 3589 τετο
636 3531 837 3611 particularium
855 3533 1031 3588 essentiarum
1048 3530 1182 3608 principia
1195 3537 1267 3584 vete·

211 3639 270 3675 rum
288 3617 333 3674 alii
351 3617 401 3675 alia
419 3622 472 3677 sibi
490 3620 661 3677 desumantes
679 3622 753 3676 τετίε
770 3617 962 3696 explicuerunt.
1007 3625 1116 3694 oportet
1134 3617 1266 3672 antemio

212 3704 336 3762 omnibus
353 3707 495 3762 raritatem
512 3707 680 3783 investigare,
699 3725 811 3781 eamque
827 3724 879 3782 pro
896 3702 970 3760 virili
988 3703 1039 3758 tibi
1056 3702 1176 3758 breviter
1187 3703 1268 3758 inter·

211 3791 322 3870 premi,
341 3799 368 3847 et
386 3790 419 3847 de
439 3810 491 3866 qua
509 3793 626 3869 primum
644 3792 825 3869 interrogabas
844 3790 878 3847 de
897 3805 929 3845 εο
947 3790 1064 3866 primum
1082 3787 1152 3845 audi.

281 3878 354 3934 Ante
372 3897 416 3933 εεε
435 3896 479 3932 τεο
498 3897 565 3954 quae
582 3898 646 3935 τετε
664 3889 727 3935 sunt
744 3887 772 3933 et
789 3885 850 3931 anta
868 3876 1000 3952 principia
1018 3873 1209 3931 universalium
1226 3883 1268 3930 ast

212 3963 278 4020 deus
295 3983 373 4032 unns,
391 3966 467 4042 prior
486 3965 565 4020 etiam
583 3966 671 4042 primo
689 3963 741 4019 deo
760 3971 788 4016 et
805 3981 880 4038 τερα
900 3971 942 4017 est
959 3959 1006 4017 ills
1024 3960 1169 4018 immobilis
1185 3963 1212 4017 in
1225 3979 1268 4015 so-

212 4049 326 4106 litudine
343 4070 407 4106 suae
425 4051 536 4106 unitatis
553 4069 727 4127 permanens3
749 4042 837 4124 nique
854 4049 925 4105 enim
943 4047 1124 4106 intellectuale
1142 4050 1167 4102 ei
1185 4047 1269 4101 immi·

212 4146 302 4193 scetur
320 4157 408 4212 neque
426 4135 528 4212 aliquid
546 4135 633 4204 aliud3
652 4146 747 4212 estque
766 4133 902 4213 exemplar
919 4136 1005 4213 ipsius
1025 4136 1071 4211 qui
1083 4143 1126 4189 est
1138 4133 1180 4188 sui
1192 4140 1270 4208 pater
1351 4205 1353 4210 Δ

213 4233 240 4278 at
258 4222 291 4279 de
310 4243 341 4279 ss
358 4224 465 4300 genitus
484 4233 512 4279 et
529 4225 652 4301 unipater
670 4222 737 4280 dens
755 4232 782 4278 et
804 4241 869 4279 τετε
888 4222 984 4279 bonus.
1029 4229 1071 4276 est
1092 4219 1163 4274 enim
1186 4220 1269 4276 maius
