2776 4876
206 339 260 394 286
1194 336 1263 400 10‚2

206 492 331 580 μήποτε
354 489 438 572 άλλη
462 515 510 568 τις
531 487 687 581 λανθάνῃ
704 481 788 557 οὖσα
804 489 824 570 ἡ
840 485 922 581 πρὸς
940 489 1154 576 εὐδαιμονίαν
1173 488 1263 569 ὁδός,

206 610 263 673 καὶ
283 608 333 682 τίς
355 598 397 669 ἀν
419 608 546 686 γίνοιτο
568 607 663 690 ἑτέρα
686 584 895 691 ἀφισταμένη
924 605 989 667 τῶν
1011 604 1104 668 θεῶν
1126 596 1263 686 εὔλογος

206 712 289 805 πρὸς
311 713 415 795 αὐτὴν
437 710 575 798 άνοδοςς
605 720 632 779 εί
653 706 718 799 γάρ
747 718 782 778 ἐν
810 722 881 789 τοῖς
904 711 1043 793 θεοῖςὴ
1074 710 1173 779 οὐσία
1195 716 1294 781 τῶν3

205 825 349 911 ἀγαθῶν
372 822 459 891 ὅλων
479 828 535 891 καὶ
556 821 720 904 τελειότης
741 829 931 911 περιέχεται,
953 828 1010 890 καὶ
1031 822 1053 905 ἡ
1075 821 1188 911 πρώτη
1204 823 1261 892 δό-

204 963 303 1024 ναμις
325 935 435 1004 αὐτῶν
456 939 512 1002 καὶ
535 931 620 1024 ἀρχὴ
642 930 737 1024 παρά
751 931 866 1019 μόνοις
886 933 967 1018 ἡμῖν
981 938 1037 1001 καὶ
1052 945 1123 1013 τοῖς
1138 934 1262 1020 ὅμοίως

205 1055 372 1137 ἐχομένοις
394 1051 459 1113 τῶν
486 1045 689 1133 κρειττόνων,
719 1049 861 1131 γνησίως
890 1069 924 1130 τε
947 1050 1005 1126 τῆς
1027 1044 1110 1134 πρὸς
1139 1042 1298 1126 αι’ποάςτ

204 1157 348 1236 ίνιόοεως
369 1156 719 1244 ἀντιλαμβανομένοις,
748 1156 770 1238 ἡ
799 1161 866 1223 τῶν
892 1155 1036 1241 ἀγαθῶν
1057 1154 1145 1226 ὅλων
1173 1156 1261 1246 ἀρχὴ

204 1275 260 1337 καὶ
282 1264 413 1349 τελευτὴ
438 1271 624 1346 σπουδαίως
645 1264 881 1348 ἐπιτηδεύεται·
904 1270 1056 1334 ἐνταῦθα
1072 1267 1112 1350 δὴ
1128 1262 1189 1338 οὖν
1203 1276 1261 1339 καὶ

204 1382 226 1464 ἡ
249 1386 308 1463 τῆς
330 1379 497 1460 ἀληθείας
519 1379 656 1465 πάρεστι
679 1383 747 1445 θέα
770 1383 825 1445 καὶ
848 1378 869 1460 ἡ
899 1381 958 1458 τῆς
987 1384 1105 1468 νοερᾶς
1128 1379 1261 1464 ἐπιστή-
1281 1394 1297 1444 9

203 1520 282 1580 μης,
311 1496 366 1558 καὶ
394 1485 478 1579 μετά
500 1496 560 1572 τῆς
581 1494 646 1555 τῶν
670 1493 762 1556 θεῶν
789 1487 938 1574 γνώσεως
960 1489 982 1571 ἡ
1011 1491 1094 1578 πρὸς
1122 1490 1262 1571 ἑαυτοὺς

204 1599 388 1694 ἐπιστροφὴ
410 1606 467 1670 καὶ
488 1601 509 1683 η
532 1604 651 1687 γνῶσις
673 1604 797 1668 ἑαυτῶν
820 1608 1000 1668 συνέπεται,

159 1729 187 1787 a
275 1712 419 1795 ιΜάτην
442 1705 502 1781 οὖν
524 1716 692 1799 διαπορεῖς
714 1712 756 1789 ὡς
779 1711 818 1778 οό
840 1714 890 1779 δεῖ
904 1708 987 1799 πρὸς
1002 1710 1102 1794 δόξας
1119 1712 1262 1804 ἀνθρω-
1281 1723 1314 1773 12

203 1829 302 1901 πίνας
323 1804 464 1910 βλίπίιν.
510 1829 560 1900 τίς
588 1819 652 1912 γάρ
677 1820 779 1911 σχολὴ
808 1828 853 1908 τῷ
866 1818 958 1913 ’πρός
986 1835 1055 1902 τοῖς
1078 1829 1175 1902 θεοῖς
1198 1823 1262 1908 τὴν

204 1934 356 2005 διάνοιαν
384 1938 490 2022 ἔχοντι
518 1931 605 2000 κάτω
634 1928 766 2019 βλέπειν
794 1942 838 2013 εἰς
867 1933 1058 2024 ἀνθρώπων
1086 1941 1262 2022 tantaeve,-

203 2047 276 2115 ἀλλ’
296 2047 372 2115 οὐδὲ
394 2042 432 2113 τό
456 2050 509 2112 ἐπὶ
531 2043 635 2130 τούτῳ
656 2042 740 2132 πρὸς
761 2050 838 2123 ἔπος
861 2033 1043 2135 ὲπαπορεῖς,
1073 2047 1151 2130 ὡςὴ
1168 2044 1260 2136 ψυχὴ
1280 2061 1312 2111 15

203 2166 238 2226 ἐκ
261 2162 320 2225 τοῦ
341 2155 496 2243 τυχόντος
518 2153 720 2222 ἀναπλάττει
741 2153 879 2243 μεγάλα.
924 2163 973 2237 τίς
994 2154 1058 2246 γάρ
1081 2155 1122 2250 δὴ
1138 2166 1173 2251 ὲν
1188 2171 1262 2238 τοῖς
1297 2142 1300 2146 ’

205 2266 309 2347 ὅντως
332 2260 406 2336 οὖσι
427 2265 632 2353 πλασμάτων
646 2264 731 2355 ἀρχὴ
747 2273 959 2352 συνίσταταις
983 2269 1042 2356 οὐχ
1056 2269 1078 2350 ἡ
1094 2274 1155 2357 μὲν
1170 2296 1259 2362 φαν-

272 2516 296 2566 5.
325 2516 371 2566 καί
397 2509 472 2577 (ante
490 2509 579 2582 ἀρχὴ)
607 2531 659 2562 om.
676 2512 710 2562 D.
740 2504 753 2579 11
782 2505 883 2582 ἀρχαία
910 2513 942 2564 θ.
1078 2515 1102 2564 7.
1131 2511 1197 2574 ὅλως
1225 2516 1258 2568 0.

272 2600 297 2652 8.
325 2596 500 2652 ίπιτεδεάεται
517 2600 576 2651 0.’
661 2598 737 2649 9.10.
767 2594 924 2666 ἰπιστήμης]
949 2597 1080 2666 τελειότης
1098 2601 1129 2652 Α.
1159 2594 1173 2668 ΙΙ
1203 2615 1257 2668 post

272 2684 415 2755 ἐπιστήμης
443 2685 514 2755 Tayl.
542 2685 598 2736 add.
626 2681 726 2751 κτῆσις.
896 2687 938 2736 12.
965 2678 998 2735 οὗ
1027 2681 1079 2749 δεῖ]
1109 2681 1197 2744 οὐδεὶς
1224 2687 1257 2738 D.

274 2771 315 2822 15.
343 2775 408 2828 ἴπως
436 2772 469 2820 D.
587 2773 628 2821 17.
656 2767 835 2840 πλασμάτων]
856 2769 1019 2840 πραγμάτων
1038 2769 1067 2821 Β.
1083 2765 1102 2838 ΙΙ
1124 2766 1208 2842 ἀρχῇς
1226 2772 1256 2824 Β.

282 2850 295 2922 ΙΙ
308 2849 356 2919 οὐχ
368 2852 399 2919 ἡ]
420 2850 478 2921 οἷιχλ
496 2856 529 2906 D.

201 3084 260 3140 alia
271 3080 400 3160 quaedam
418 3080 452 3136 ad
470 3081 662 3139 beatitudinem
679 3094 786 3160 praeter
804 3084 924 3140 divinum
942 3082 1043 3140 cultum
1059 3082 1142 3139 lateat
1157 3087 1210 3153 via,
1230 3097 1257 3142 et

198 3191 269 3246 quae
286 3168 393 3224 tandem
411 3165 458 3222 illa
476 3169 512 3223 sit
531 3188 598 3243 quae
615 3169 827 3226 deserensdeos
845 3169 925 3226 ducat
942 3169 977 3225 ad
994 3169 1169 3226 felicitatem?
1194 3191 1256 3249 pro-

200 3255 272 3312 lecto
291 3257 315 3310 si
333 3257 361 3309 in
380 3253 432 3309 diis
450 3254 583 3310 bonorum
601 3258 719 3312 omnium
736 3258 852 3312 essentia
869 3265 897 3310 et
913 3254 1043 3332 perfectio
1065 3255 1209 3324 habeatur,
1231 3260 1254 3313 si

199 3343 285 3418 prima
302 3349 422 3417 potestas
442 3359 534 3395 eornm
552 3345 588 3397 sit
607 3343 678 3419 apud
696 3364 745 3398 nos
764 3341 918 3399 sacerdotes
930 3351 958 3397 et
969 3341 1040 3418 apud
1052 3345 1140 3398 nostri
1151 3342 1254 3400 similes

199 3429 340 3484 meliorum
358 3425 494 3481 studiosos
512 3447 644 3504 veraeque
661 3431 768 3485 unionis
786 3448 847 3484 cum
868 3429 902 3482 iis
921 3427 1047 3503 cupidos,
1072 3430 1191 3484 omnium
1208 3430 1254 3484 bo·

198 3535 294 3570 norum
312 3512 372 3569 fons
391 3522 419 3567 et
436 3511 499 3567 finis
518 3532 620 3569 summa
638 3535 699 3570 cura
719 3513 824 3571 colitur.
871 3523 944 3569 certe
961 3513 1006 3569 hic
1024 3523 1068 3568 est
1085 3516 1207 3570 veritatis
1226 3525 1253 3570 et

199 3598 387 3656 intellectualis
407 3600 567 3673 cognitionis
586 3599 789 3678 contemplatio,
813 3608 840 3655 et
858 3597 938 3654 simul
956 3620 1017 3655 cnm
1034 3598 1147 3655 deorum
1165 3602 1253 3677 cogni·

198 3688 272 3741 tione
289 3684 353 3740 hinc
370 3684 404 3739 ad
423 3684 488 3740 deos
507 3687 648 3741 conversio
667 3695 694 3741 et
712 3689 753 3741 sui
772 3687 857 3763 ipsius
876 3687 993 3762 cognitio
1012 3688 1141 3762 sequitur.

160 3773 180 3830 2
268 3769 378 3824 Frustra
396 3772 478 3845 igitur
495 3773 597 3827 vereris
615 3781 645 3826 tu
662 3791 697 3826 ne
716 3771 784 3826 sorte
802 3771 943 3848 religiosus
962 3793 997 3828 ex
1013 3773 1188 3849 opinionibus
1206 3771 1253 3828 hn-

197 3858 282 3913 manis
300 3855 429 3930 pendeat3
448 3858 582 3931 quomodo
600 3858 671 3913 enim
689 3867 794 3935 tempus
813 3867 919 3913 vacaret
931 3859 964 3924 ei,
984 3859 1059 3913 cuius
1072 3878 1149 3913 mens
1161 3856 1253 3913 haeret

196 3946 225 4000 in
243 3942 395 3998 divinorum
414 3942 645 4019 contemplatione,
664 3943 698 3998 ad
715 3943 851 3998 hominum
868 3941 961 3998 laudes
980 3942 1073 3999 oculos
1090 3942 1252 3999 deflectere?

196 4028 244 4085 sed
264 4047 313 4084 nec
332 4026 360 4080 in
379 4043 411 4078 eo
430 4026 502 4099 quod
520 4031 654 4102 sequitur,
678 4039 751 4085 reete
769 4029 903 4107 disputas,
927 4031 1005 4106 qnasi
1022 4033 1108 4084 anima
1127 4027 1251 4106 religiosa

196 4113 334 4189 magnifica
355 4110 425 4167 forte
448 4110 500 4165 sibi
527 4113 616 4188 lingat.
671 4115 805 4191 quodnam
826 4118 855 4171 in
877 4115 957 4171 rebus
983 4135 1046 4172 vere
1073 4115 1252 4172 existentibus

196 4195 380 4271 figmentorum
393 4217 454 4253 esse
464 4199 554 4274 possit
565 4200 686 4256 initium?
709 4221 797 4258 nonne
809 4210 851 4256 est
862 4200 1019 4279 phantasiae
1031 4211 1139 4258 nostrae
1151 4201 1252 4277 fingere
