2776 4876
166 345 201 398 18
1145 341 1212 407 λ,15

167 497 341 585 τενόμενον
364 497 574 584 ἀναγόμεθα,
597 503 653 566 καὶ
675 495 736 580 τὴν
757 495 839 586 πρός
855 494 938 565 αὑτό
950 495 1214 584 όμσιότηταοίπό

166 615 225 678 τοῦ
247 613 386 697 συνεχῶς
414 610 503 695 αὐτῷ
525 614 738 701 προσομιλεῖν
765 607 938 696 κτώμεθα,
966 607 1152 691 τελειότητό
1178 609 1214 677 τε

165 725 268 789 θείαν
288 722 395 810 ἡρέμα
416 719 719 811 προολαμβόνομεν
740 718 807 789 ἀπὸ
828 727 888 790 τοῦ
909 717 1066 800 ότιλοῦς.·’
1164 778 1167 787 ,
1232 737 1247 790 t

252 837 296 900 tt
318 836 354 901 δέ
375 860 424 913 τις
446 823 608 916 transfores
629 836 686 901 καὶ
713 831 774 912 τὰς
800 829 967 924 ἱερατικὰς
992 835 1141 914 ἱκετείας,
1169 831 1213 912 ὥς

165 944 222 1012 ἀπ’
242 944 351 1013 αὑτῶν
371 949 437 1012 τῶν
452 949 544 1013 θεῶν
566 942 760 1035 ἀνθρώποις
773 949 1069 1037 κατεπέμφθησαν,
1090 948 1145 1012 καλ
1160 941 1213 1013 ὅτι

163 1060 229 1124 τῶν
252 1061 343 1124 θεῶν
365 1056 473 1124 αὐτῶν
496 1061 557 1124 slot
579 1055 783 1143 συνθήματα
804 1061 861 1124 καὶ
881 1054 996 1143 μόνοις
1023 1058 1247 1135 τοῖςθεοῖςε

164 1166 365 1258 ὑπάρχουσιν
387 1167 552 1256 γνώριμοι,
572 1165 698 1256 τρόπον
712 1173 748 1235 τε
760 1193 836 1235 τινα
850 1172 907 1236 καλ
921 1161 1020 1237 αὗται
1032 1165 1094 1250 τὴν
1107 1162 1213 1249 αὐτὴν

164 1285 273 1368 ἔχονσι
295 1278 435 1367 δύναμιν
455 1283 651 1362 τοῖςρθεοῖς,
672 1285 741 1359 πῶς
762 1277 805 1349 όν
827 1276 1053 1362 λειαλσθοτὴν
1067 1277 1130 1362 τὴν
1143 1302 1212 1347 τοι-

164 1391 267 1476 αύτην
290 1392 363 1461 ἀλλ’
382 1392 421 1461 οὐ
443 1396 545 1459 θείαν
566 1397 623 1461 καλ
645 1393 765 1480 νοερόν
784 1390 948 1478 ὑπολάβοι
970 1389 1248 1470 desciscebat

163 1509 319 1589 ἱκετείανς
343 1501 364 1586 ἢ
385 1509 418 1571 τί
440 1499 482 1570 όῖν
504 1502 633 1583 ελκότως
654 1501 770 1583 πόθος
792 1512 837 1584 εἰς
858 1499 972 1587 αὑτὴν
982 1507 1213 1591 παρεμπίπτει,

165 1615 253 1695 ελς
230 1641 273 1699 ην
296 1614 367 1684 οὐδ’
385 1614 601 1705 ἀνθρώπινον
624 1608 713 1698 ἦθος
735 1619 916 1684 σπουδαῖον
937 1613 1076 1683 durum
1088 1617 1213 1703 ῥαδίως

164 1726 483 1816 ἀποκαθαίρεσθαις
1233 1745 1266 1795 12

251 1836 349 1907 Άλλο
370 1864 413 1907 τα
434 1839 671 1929 προσαγόμενοι
694 1836 758 1931 φῂς
773 1839 817 1918 ὡς
829 1835 1142 1927 πρόςαλσόητεκόνς
1154 1842 1213 1906 καὶ

123 2021 124 2024 ,
162 1947 319 2042 ψυχικοὺς
339 1949 550 2040 προσάγεται.
588 1952 650 2037 elye
673 1963 873 2037 σωματικαῖς
887 1948 1043 2036 δννιίμεσι
1063 1955 1120 2017 καὶ
1134 1972 1211 2017 σνν-

163 2066 278 2141 dicore
299 2061 418 2148 μόναις
440 2062 696 2152 σνμιιεπλήρωτο
719 2061 741 2145 ἢ
762 2060 869 2149 ὥσπερ
892 2071 937 2142 εἰς
956 2062 1140 2148 ὑπηρεσίαν
1153 2059 1211 2148 ὀρ·
1225 2084 1264 2136 Ι15

162 2160 397 2264 γόνωνψιλὴν
420 2175 659 2261 ὑποκειμέναις·
692 2180 761 2242 ἐπεὶ
783 2178 894 2241 δὲκαὶ
916 2171 1107 2262 ἀσωμάτων·
1117 2176 1211 2240 atticis

162 2294 336 2374 μετέχουσι,
352 2283 394 2353 τό
422 2285 658 2376 προσαγόμενα
680 2292 736 2354 καὶ
758 2285 864 2371 λόγων
886 2290 983 2353 τινῶν
1003 2290 1059 2352 καὶ
1084 2291 1212 2371 μέτρων

163 2397 404 2489 ἁπλουστέρων,
426 2397 497 2465 κατ’
517 2395 598 2467 αὐτό
620 2403 719 2467 τοῦτο
741 2395 846 2484 μόνον
868 2403 933 2465 τῶν
953 2390 1266 2488 προσαγομένιικλλι

232 2626 257 2678 4.
284 2624 512 2695 λερετικοὶςλ).
573 2627 597 2677 7.
625 2622 666 2691 τέ]
690 2626 768 2677 diA.
875 2626 916 2676 13.
941 2621 1026 2699 φῄς]
1034 2623 1111 2701 φησὶν
1132 2619 1211 2673 Act).

234 2712 274 2762 15.
303 2707 484 2782 σννεπλὴριντο
504 2710 558 2764 ΑΟ.
630 2713 671 2762 17.
699 2710 736 2763 τοὶ
753 2728 921 2787 προσαγομεν
922 2731 941 2762 α
958 2730 1008 2762 om
1029 2696 1082 2761 AC.

163 2925 213 2980 bus
230 2925 307 2981 brevi
325 2925 480 2983 adducimur
497 2927 531 2983 ad
549 2928 577 2983 id
595 2929 638 2983 cui
656 2927 844 3006 supplicamus,
862 2936 890 2981 et
907 2924 1107 2982 similitudinem
1124 2927 1212 3002 ipsius

163 3013 323 3087 acquirimus
341 3032 374 3067 ex
391 3014 446 3089 iugi
463 3034 524 3070 cum
536 3034 568 3069 eo
581 3014 790 3081 conversatione,
808 3023 836 3068 et
846 3032 896 3090 pro
908 3011 1108 3090 imperfectione
1118 3022 1211 3068 nostra

162 3097 279 3155 divinam
296 3096 423 3202 paulatim
440 3098 614 3157 adsciscimus
631 3100 829 3178 perfectionem.

232 3183 358 3240 Porro
336 3187 438 3261 siquis
456 3187 677 3253 consideraverit,
701 3186 773 3263 quod
790 3205 884 3264 preces
902 3205 992 3242 sacrae
1014 3184 1078 3239 ab
1053 3187 1137 3262 apsis
1155 3185 1210 3243 diis

161 3271 313 3329 hominibus
332 3274 430 3328 missae
448 3276 515 3338 sint,
539 3283 567 3331 et
584 3274 681 3350 quod
673 3292 793 3352 ipsorum
814 3282 933 3328 tesserae
955 3271 1082 3348 quaedam
1105 3275 1160 3327 sint
1182 3281 1210 3329 et

162 3378 177 3413 a
195 3357 261 3415 solis
279 3358 332 3415 diis
350 3358 538 3436 intelligantur,
558 3369 585 3416 et
602 3360 675 3436 quod
690 3379 782 3437 parem
799 3359 866 3437 ipsis
884 3359 937 3415 diis
955 3358 1150 3435 quodammodo
1161 3347 1212 3435 po·

161 3445 272 3501 tentiam
289 3444 412 3515 habunt,
435 3449 481 3523 qui
498 3457 592 3524 potest
607 3446 677 3504 ultra
695 3446 804 3503 credere
825 3444 977 3502 lruinsmodi
998 3445 1209 3524 supplicationes

162 3530 276 3587 sensiles
294 3551 362 3599 esse,
381 3544 542 3590 nouantem
560 3533 664 3590 divinas
682 3535 776 3589 merito
795 3542 823 3589 et
840 3531 1049 3590 intellectuales?
1077 3541 1123 3588 unt
1140 3550 1209 3608 quse

161 3616 269 3673 tandem
285 3621 374 3694 possit
391 3621 420 3675 in
437 3641 482 3676 eas
499 3622 591 3698 passio
610 3619 716 3687 cadere,
741 3620 816 3675 cuius
833 3612 976 3696 puritatem
997 3618 1073 3676 facile
1094 3636 1209 3694 aequare

162 3706 339 3780 nonpossint
356 3726 444 3762 mores
462 3706 596 3764 hominum
615 3705 805 3782 quantumlibet
822 3707 900 3783 puri?

232 3789 288 3845 Sed
306 3810 377 3866 quae
390 3791 583 3861 adhibentur-st
574 3795 671 3870 anquis,
690 3795 718 3848 in
730 3790 968 3869 supplicationibus
980 3790 1125 3851 materialia
1137 3803 1207 3860 sunt,

161 3886 190 3931 et
205 3886 339 3980 tamqpam
356 3898 436 3934 sensu
454 3890 481 3935 et
498 3883 583 3936 anima
594 3880 723 3959 praeditis
735 3878 888 3934 offeruntur
923 3888 986 3935 sane
998 3880 1022 3934 si
1034 3899 1067 3935 ex
1078 3881 1208 3956 potentiis

161 3966 299 4042 corporeis
316 3973 344 4019 ct
361 3968 517 4043 compositis
536 3965 601 4023 solis
620 3976 647 4023 et
664 3965 698 4023 ad
714 3984 872 4047 organorum
889 3955 1064 4022 ministerium
1081 3966 1209 4023 duntaxat

162 4049 366 4108 accommodatis
386 4061 537 4108 constarent
555 4073 622 4128 qnae
641 4053 798 4118 offerentum
818 4050 866 4107 sed
883 4072 944 4108 cum
962 4051 995 4107 de
1010 4051 1178 4130 speciebus
1170 4072 1209 4108 rn-

162 4139 299 4216 corporeis
322 4147 350 4194 et
376 4138 594 4215 proportionibus
618 4138 775 4214 quibusdam
796 4148 824 4193 et
844 4140 974 4194 mensuris
998 4137 1207 4216 simplicioribus

163 4220 513 4303 aliquatenusparticipent,
536 4243 618 4302 penes
641 4223 693 4281 λινε
716 4223 804 4282 solum
822 4226 1004 4282 convenientia¹
1019 4222 1124 4323 'eorum‘
1137 4244 1207 4301 qaae
