2776 4876
219 370 271 421 154
1200 366 1272 429 ³‚22

219 528 284 589 τῶν
306 527 560 607 ἑνσπειρομένων
584 517 638 586 διδ
660 526 813 604 γενέσεως
835 520 929 587 οὐδὲν
945 519 1099 586 οὐδέποτε
1120 517 1273 598 πλείονός

219 659 306 712 τινος
334 632 648 718 μεταλαμβάνοντος
678 623 700 712 ii
727 630 808 698 ὅσον
835 634 963 699 δίδοται
992 631 1082 715 αύτῷ
1110 626 1177 696 ἀπὸ
1211 633 1273 697 τοῦ

217 743 350 834 πρῶτος
371 740 468 810 έαυιδ
484 744 740 829 ἀπογεννῶνιος.
774 737 812 810 τό
836 742 867 809 δ’
882 746 963 809 έοιιιε
978 738 1180 828 προσθήκην
1195 738 1272 807 τινὰ
1289 754 1304 805 3

216 860 445 944 περιττοτέραν
467 858 720 943 παραδέχεσθαι
741 851 808 921 ἀπὸ
825 857 883 921 τοῦ
896 851 942 939 μὴ
958 849 1068 932 ὄντος·
1092 860 1120 920 et
1134 850 1181 939 μή
1202 849 1271 942 όρα

217 992 266 1046 τις
287 970 375 1052 λέγοι
397 972 435 1058 τῇ
458 964 525 1034 ἀπὸ
549 972 614 1034 τῶν
639 964 728 1047 ζόιον
749 963 810 1058 ύλρ
832 961 909 1041 τούς
931 967 1096 1050 δαίμονας
1116 967 1271 1049 ἐπιβεβη-

216 1085 315 1156 κέναι,
337 1083 588 1164 προσαγομένης
610 1080 645 1144 δὲ
667 1077 770 1158 αὐτῆς
793 1079 980 1162 συμπαθῶς
1000 1076 1085 1166 πρὸς
1101 1072 1207 1157 αὐτὴν
1220 1099 1268 1140 κι-
1287 1093 1304 1143 6

216 1192 361 1256 νεῖσθαι.
408 1188 529 1256 οὐκοῦν
550 1187 635 1255 κατό
657 1213 693 1274 γε
716 1185 839 1268 ταύτην
861 1183 922 1268 τὴν
936 1184 1039 1266 δόξαν
1054 1186 1114 1253 ούιι
1128 1185 1269 1271 ἀπογεν-

216 1305 337 1366 νῶνται
361 1306 392 1366 οἱ
415 1302 570 1384 δαίμονες
592 1296 658 1366 σἰπό
681 1304 747 1366 τῶν
769 1306 804 1366 έν
833 1309 903 1378 τοῖς
932 1296 1062 1384 σώμασι
1090 1295 1268 1385 δυνάμεων,

216 1408 456 1498 προηγούμενοι
484 1411 513 1478 δ’
534 1412 642 1478 αὐτῶν
671 1415 726 1477 καὶ
753 1407 1021 1498 προϋπάρχοντες
1042 1413 1304 1494 συριινοὶνιαιθ

216 1521 332 1600 αὐτοῖς
355 1521 522 1607 ὁμοειδοῦς.
568 1529 595 1589 st
616 1525 652 1588 δὲ
674 1517 716 1603 δὴ
739 1519 792 1588 ότι
818 1518 964 1606 μάλιστα
992 1525 1049 1587 καὶ
1076 1519 1179 1598 ούτιος
1208 1525 1269 1587 εἰσὶ

216 1636 414 1717 συμπαθεῖς,
444 1633 502 1719 οὐχ
532 1633 599 1721 ὁρῶ
628 1637 703 1699 τίνα
725 1629 851 1720 τρόπον
873 1631 1019 1698 ε’έσονταέ
1047 1657 1079 1698 τι
1106 1636 1181 1719 περὶ
1209 1634 1270 1698 τοῦ

215 1745 392 1827 μέλλοντος
420 1743 556 1824 ἀληθές.
608 1742 646 1809 οὐ
674 1739 738 1828 γόιρ
768 1745 970 1829 συμπαθοῦς
999 1740 1166 1828 δυνάμεως
1194 1740 1265 1809 οὐδ’
1288 1746 1322 1797 ¹²

216 1850 331 1920 ἐνύλου
353 1857 409 1920 καὶ
431 1859 649 1941 κατεχομένης
671 1857 705 1920 έν
727 1878 790 1919 τινι
812 1851 902 1939 τόπῳ
917 1858 972 1920 καὶ
989 1851 1115 1939 σώματι
1129 1848 1168 1920 τό
1186 1878 1268 1941 προ·

215 1961 406 2048 γιγνώσκειν
428 1968 488 2050 μὲν
509 1968 564 2030 καὶ
586 1963 787 2053 προμηνύειν
808 1960 846 2031 τό
868 1967 998 2052 μέλλον,
1021 1961 1107 2031 ἀλλὰ
1129 1964 1268 2031 τούναν-

215 2080 287 2141 τίον
309 2078 368 2154 τῆς
391 2071 457 2141 ἀπὸ
480 2073 614 2141 πόντων
642 2073 767 2143 τούτων
798 2075 1050 2161 ἀπυλελυμένης.
1095 2079 1150 2142 καὶ
1182 2073 1267 2156 αὕτη
1288 2084 1322 2135 1⁶

215 2183 255 2266 δὴ
280 2178 339 2253 οὖν
362 2186 382 2266 ἡ
405 2185 487 2267 δόξα
512 2184 665 2264 τοιαύτας
688 2192 783 2272 ἐχέτω
808 2183 867 2265 τοὶς
890 2184 1045 2264 εὐθύνας.

285 2479 312 2531 2.v
338 2474 421 2544 ἐαυτῷ
440 2476 472 2527 D.
609 2479 633 2528 5.
661 2473 716 2542 τις]
737 2481 794 2535 τοῖς
813 2476 845 2525 D.
981 2477 1005 2527 6.
1034 2482 1221 2547 προσαγομένη
1242 2479 1268 2528 δὲ

287 2558 356 2633 αὐτῇ
378 2561 429 2621 AC,
456 2565 646 2633 προσαγομένη
665 2563 691 2613 δὲ
710 2556 778 2628 αὕτη
796 2562 828 2612 Ι).
947 2561 987 2612 10.
1016 2560 1115 2627 οὕτως]
1135 2562 1170 2613 sic
1188 2561 1269 2623 Act),

287 2643 355 2697 οὕτω
375 2647 408 2699 0.
541 2651 581 2701 13.
609 2644 674 2711 τινι]
692 2664 747 2698 τισι
764 2647 797 2697 D.
927 2648 1026 2699 13.14.
1054 2645 1268 2718 προγιγνώσκειν]

286 2733 321 2782 sie
344 2733 403 2797 AC,
430 2733 613 2804 προγινώσκειν
636 2733 673 2792 D,
701 2728 875 2800 προγνύσιιειν
893 2732 926 2784 0.
1072 2735 1113 2785 14.
1145 2731 1207 2803 μὲν]
1235 2732 1270 2782 sic

289 2818 352 2868 Gale
370 2832 430 2879 not,
457 2821 483 2868 δὲ
502 2819 535 2869 Ο.
645 2821 685 2871 15.
714 2813 783 2884 ἀπὸ]
802 2821 845 2870 tut
863 2819 894 2870 0.
917 2812 930 2885 ll
950 2816 1050 2870 τούτων
1070 2839 1118 2870 om.
1139 2818 1172 2870 0.

217 3104 351 3157 minantur
369 3103 454 3157 maius
472 3101 573 3178 aliquid
591 3102 690 3158 habere
708 3123 786 3178 quam
805 3103 876 3179 quod
895 3105 920 3159 ei
938 3103 1053 3159 traditur
1071 3123 1086 3157 a
1104 3119 1182 3157 causa
1198 3101 1272 3176 prin·

218 3187 340 3265 cipaliter
357 3198 506 3263 generante.
552 3187 604 3245 hoc
623 3198 711 3244 autem
728 3191 839 3266 iusuper
859 3190 1116 3266 praestantissimam
1139 3184 1271 3262 quandam

218 3274 398 3331 accessionem
415 3273 522 3330 videtur
540 3276 662 3351 accipere
679 3276 711 3331 ab
730 3296 762 3331 eo
782 3275 854 3351 quod
866 3274 934 3332 nihil
951 3285 1000 3331 est.
1048 3276 1100 3330 uisi
1119 3275 1179 3349 quis
1199 3271 1271 3328 dicat

218 3361 360 3416 daemonas
378 3359 533 3437 praesidere
549 3363 674 3417 materiae
693 3381 760 3437 quac
778 3371 821 3417 est
838 3361 871 3416 ab
884 3359 1068 3426 animantibus,
1087 3368 1115 3414 et
1126 3357 1205 3413 allata
1217 3379 1272 3414 ma-

217 3450 284 3503 teria
303 3448 495 3524 compatienter
514 3466 574 3502 cum
593 3466 622 3502 ca
635 3449 743 3503 moveri.
787 3449 868 3522 igitur
879 3449 951 3503 iuxta
964 3447 1032 3502 hanc
1046 3446 1203 3501 sententiam
1215 3464 1270 3499 nou

218 3544 376 3609 generantur
393 3531 536 3588 daemones
554 3553 568 3586 a
586 3533 689 3588 viribus
708 3532 865 3608 quibusdam
884 3537 910 3589 in
933 3532 1092 3611 corporibus
1114 3530 1269 3597 latentibus,

218 3617 267 3673 sed
284 3621 360 3695 prius
378 3620 524 3674 existentes
543 3617 716 3674 conformiter
733 3618 767 3674 ad
785 3639 829 3675 eas
848 3631 1056 3676 commoventur.
1104 3617 1153 3673 scd
1170 3616 1211 3674 fac
1230 3620 1270 3672 sic

218 3722 280 3758 esse
299 3706 517 3782 sympatheticos‚
540 3704 658 3760 nondum
676 3715 764 3762 tumen
782 3705 902 3784 intelligo
924 3708 970 3783 qui
993 3715 1108 3783 possunt
1126 3703 1271 3780 quidquam

218 3787 366 3845 futurorum
383 3792 541 3868 praevidere
559 3802 641 3849 certo.
687 3792 835 3869 praedictio
858 3795 929 3848 cuim
952 3791 1033 3847 futuri
1056 3802 1083 3848 et
1106 3791 1271 3869 praesignifi-

217 3876 289 3932 catio
307 3894 361 3929 τιον
380 3887 422 3932 est
439 3898 508 3954 opus
525 3889 635 3935 naturae
652 3877 790 3956 passibilis
808 3889 836 3934 et
857 3876 1002 3935 materialis
1027 3899 1147 3955 quaeque
1164 3878 1225 3935 loco
1244 3888 1271 3933 et

217 3971 339 4038 tempore
356 3958 501 4027 claudatur,
519 3965 569 4020 sod
587 3985 602 4020 e
620 3975 712 4021 contra
731 3966 763 4021 ab
781 3965 824 4020 his
838 3965 961 4021 omuibus
973 3965 1083 4021 solutae.
1128 3968 1179 4020 ista
1192 3967 1272 4041 igitur

218 4049 349 4104 sententia
368 4045 411 4102 his
431 4053 587 4104 eotrceatur
604 4051 824 4109 correctionibus.
