2776 4876
203 368 275 434 1,st
1219 369 1254 422 bl

203 520 259 591 διὰ
282 523 324 606 δὴ
345 521 513 591 τοσούτων
534 522 776 601 ἀποδέδεικται,
802 523 847 602 ὡς
868 520 943 591 οὐτε
964 523 1059 591 αὐτοὶ
1081 529 1114 590 σί
1136 531 1172 591 ἐν
1198 524 1255 592 οὐ·

203 641 300 725 μανῷ
316 639 398 703 θεοὶ
419 630 503 702 οὐτε,
515 640 551 700 αῖ
573 631 683 712 δόσεις
703 632 813 701 αὐτῶν
835 638 897 704 stoi
918 639 1100 702 κακοποιοί.
1128 695 1130 697 ,

171 761 185 813 t
287 743 362 815 Ἴθι
382 743 424 828 δη
447 739 506 815 οὖν
528 745 659 815 κάκεῖνο
682 743 950 833 ἀποκρινώμεθα,
972 751 1005 812 τί
1025 741 1065 814 τὸ
1088 743 1256 815 συνάπτον
1275 763 1312 821 19

203 863 276 928 tort·
294 855 381 947 πρὸς.
399 870 470 938 τοῖς
498 854 687 945 ἀσωμάτοις
714 860 812 936 θεοῖς
839 854 916 937 τούς
937 861 1072 944 &ossae
1097 863 1192 943 σῶμα
1220 866 1256 928 tv

204 977 248 1057 τῷ
276 969 419 1058 οὐρανῷ.
466 966 533 1052 ἤδη
560 973 620 1056 μὲν
648 960 708 1036 οὐν
736 967 803 1036 ἀπὸ
831 974 897 1036 τῶν
930 973 1172 1056 προειρημένων
1200 975 1256 1040 καὶ

173 1087 302 1153 trotino
324 1085 574 1172 xeropotamus.
616 1088 644 1148 at
666 1077 731 1166 γὰρ
752 1080 796 1159 ὡς
817 1078 989 1167 ἀσώματοι
1000 1083 1058 1147 καὶ
1072 1085 1187 1161 νοητοὶ
1201 1087 1257 1150 καὶ

203 1192 366 1279 ἡνωμένον
374 1196 441 1261 τῶν
455 1192 620 1279 οὐρανίων
630 1195 783 1283 σφαιρῶν
793 1189 1035 1275 ἐπεβεβήκασιν,
1049 1190 1154 1280 ἀρχὰς
1165 1197 1256 1280 ἕχον·

203 1327 257 1372 σιν
279 1311 314 1371 εν
334 1307 382 1389 τῷ
404 1307 522 1389 νοητῷ,
543 1308 600 1377 καὶ
621 1308 774 1381 νοεῦντες
799 1300 842 1368 τὰ
865 1306 947 1370 θεῖα
970 1302 1078 1371 αὐτῶν
1094 1304 1163 1386 είδη
1178 1330 1257 1371 κατ-

173 1413 383 1484 νευθύνουσι
407 1413 477 1483 ,τὸν
511 1413 687 1500 σύμπαντα
715 1409 860 1503 οὐρανὸν
885 1410 975 1482 κατὰ
1005 1421 1103 1503 μίαν,
1121 1412 1258 1503 ἄπειρον

204 1534 386 1615 ἐνέργειαν·
418 1531 475 1594 καὶ
498 1534 525 1593 εί
550 1532 717 1613 χωριστῶς
737 1531 785 1613 τῷ
806 1525 937 1613 οὐρανῷ
958 1525 1119 1616 παρόντες
1141 1523 1259 1613 ἄγουσι

203 1636 323 1724 μόναις
350 1649 425 1717 ταῖς
453 1643 577 1706 ἑαυτῶν
609 1637 788 1724 βουλήσισι
820 1634 882 1716 τὰς
907 1638 1039 1718 ’ἀιδίους
1067 1639 1258 1731 περιφοράς,

159 1759 189 1811 ¹²
205 1750 334 1838 ὐμηεῖς
354 1747 538 1839 ὑπάρχουσι
558 1756 615 1819 καὶ
636 1752 731 1820 αὐτοὶ
752 1748 837 1841 πρὸς
856 1749 896 1818 τὸ
918 1749 1086 1834 αἰσθητὸν
1110 1756 1166 1819 καὶ
1188 1762 1259 1831 τοῖς

204 1875 337 1944 νοητοῖς
358 1866 456 1941 θεοῖς
478 1861 729 1951 συνυπάρχουσι

226 2030 229 2035 ⁴
296 1971 396 2055 Πλὴν
418 1972 514 2042 οὐδὲν
542 1971 616 2043 οἷον
643 1980 700 2043 καὶ
727 1975 800 2042 κατ’
819 1978 909 2043 ίδίαν
935 1973 1261 2064 πραγματεύσασθαι

158 2095 189 2147 15
206 2082 267 2168 την
289 2089 464 2171 παροῦσαν
485 2084 661 2177 ἀπόκρισιν
682 2082 745 2154 out
766 2113 843 2165 πως.
889 2091 971 2173 λέγω
986 2084 1027 2168 δὴ
1043 2079 1111 2168 οὖν,
1133 2089 1177 2168 ὡς
1191 2086 1260 2157 ἀπὸ

206 2202 273 2266 τῶν
294 2201 422 2282 νοητῶν
450 2201 556 2267 θείων
582 2197 856 2295 παραδειγμάτων
883 2204 939 2266 καὶ
960 2203 1035 2286 περὶ
1063 2198 1148 2268 αὐτοὶ
1176 2201 1260 2269 ὐπο-

206 2292 363 2395 γεννῶται
390 2305 434 2376 τὰ
456 2315 589 2401 ἐμφανῆ
614 2288 796 2380 cofiteor
824 2308 1010 2408 o'tyQara,
1037 2309 1198 2398 γενόμενά
1224 2338 1259 2380 τε

159 2424 190 2476 18
207 2425 377 2500 παντελῶς
398 2428 434 2488 ἐν
456 2423 569 2501 αὐτοῖς
591 2427 735 2510 ἵδρυται,
762 2427 819 2489 καὶ
847 2420 929 2509 πρὸς
957 2419 1043 2489 αὐτὰ
1071 2420 1261 2506 ἀνήκουσαν

280 2580 304 2630 2.
333 2583 477 2632 αατοποισί
495 2579 528 2629 Ι).
599 2580 625 2633 d.
652 2577 727 2645 τούς]
745 2587 803 2640 τοῖς
820 2579 854 2631 D.
926 2580 951 2632 6.
978 2594 1035 2648 post
1045 2578 1132 2650 7de
1150 2581 1205 2631 add.
1225 2585 1260 2634 ol.

278 2666 303 2716 8.
331 2669 378 2726 „la
395 2665 431 2734 τῷ
449 2661 542 2732 νοητῷ,
560 2664 613 2718 scil.
631 2665 786 2734 dmudopoy‘*
808 2664 934 2717 Galenot.
953 2658 965 2733 ΙΙ
987 2663 1084 2730 αὐτῶν]
1102 2663 1190 2719 αὐτων
1203 2667 1259 2728 BD,

278 2749 377 2802 ἑαυτῶν
396 2752 428 2802 Α.
449 2745 462 2819 ΙΙ
483 2753 544 2804 εἴδει
562 2752 593 2813 Β,
611 2749 661 2821 ἤδη
679 2753 714 2805 D.
787 2752 828 2803 14.
855 2751 1167 2821 διαπραγματιύσασθαι
1180 2753 1259 2806 ACD.

281 2838 321 2891 18.
347 2833 430 2903 αὐτὰ]
449 2836 484 2889 sio
501 2857 586 2905 margo
606 2842 626 2890 Α
647 2853 671 2892 et
689 2839 761 2911 Tayl.
780 2834 862 2906 αὐτὴν
880 2836 914 2890 0.

207 2954 246 3007 ita
264 2971 314 3029 per
331 2951 396 3008 bace
415 2961 553 3007 ostensum
571 2962 624 3020 est,
649 2951 722 3029 quod
741 2954 862 3030 nosipsi
881 2949 1011 3007 caelestes
1036 2951 1074 3008 dii
1097 2973 1147 3009 nec
1170 2973 1261 3012 eorum

208 3057 315 3094 munera
334 3038 396 3094 mali
415 3037 560 3114 quidquam
578 3040 605 3094 in
623 3060 654 3095 se
672 3042 833 3096 contineant.

279 3125 336 3202 Age
353 3145 418 3180 vero
437 3136 464 3181 et
482 3125 516 3182 ad
534 3125 579 3182 illa
598 3126 814 3204 respondeamus,
834 3125 968 3203 quodnam
986 3128 1022 3180 sit
1040 3123 1184 3194 vinculum,
1208 3147 1261 3202 quo
1280 3139 1318 3197 19

209 3210 248 3266 dii
265 3210 417 3289 incorporei
435 3215 469 3268 iis
489 3215 534 3288 qui
553 3233 651 3290 corpus
669 3213 768 3268 babent
786 3221 969 3269 annectuntur.
997 3210 1048 3267 sed
1066 3219 1093 3265 et
1111 3211 1163 3267 boc
1182 3214 1261 3270 etiam

209 3319 242 3354 ex
260 3309 321 3354 ante
339 3299 419 3355 dietis
437 3310 555 3378 apparet.
592 3320 653 3355 nam
672 3301 696 3355 si
715 3309 847 3375 tamquam
864 3300 1017 3376 incorporei
1029 3306 1056 3352 et
1067 3296 1262 3355 intellectuales

210 3394 238 3440 et
255 3388 322 3441 uniti
340 3387 463 3463 sphaeris
482 3385 642 3443 caelestibus
661 3388 817 3462 inequitant,
836 3384 935 3441 babent
952 3383 1023 3440 baud
1041 3383 1121 3439 dubie
1133 3387 1262 3461 originem

209 3473 237 3526 in
255 3472 354 3527 mundo
372 3471 558 3541 intellectuali,
583 3483 663 3549 atquc
681 3474 717 3528 ita
736 3492 798 3528 suas
816 3474 936 3549 ipsorum
954 3473 1060 3549 species
1079 3470 1182 3527 divinas
1201 3491 1263 3527 con·

207 3557 370 3634 templantes
387 3567 473 3615 totum
491 3557 593 3616 caelum
611 3559 797 3615 administrant
814 3561 887 3614 iuxta
905 3558 1035 3613 infinitam
1054 3558 1184 3633 quandam
1200 3578 1263 3637 ope-

209 3645 353 3699 rationemt
378 3645 401 3699 si
419 3664 484 3699 roro
502 3643 606 3701 caelum
622 3656 767 3701 curentcx
785 3642 941 3708 intervallo,
965 3652 993 3697 et
1010 3641 1076 3699 solis
1095 3647 1151 3701 suis
1170 3645 1263 3702 volun-

208 3729 310 3785 tatibus
328 3739 455 3805 peragant
472 3741 592 3786 aeternas
610 3730 808 3798 simulationes,
832 3748 897 3784 sane
915 3731 968 3805 ipsi
987 3749 1047 3785 cum
1064 3732 1187 3789 sensibili
1206 3756 1263 3790 cae·

209 3816 298 3871 lorum
310 3825 402 3870 natura
414 3814 481 3871 nihil
492 3819 695 3884 communicant,
709 3837 769 3873 cum
782 3816 835 3871 diis
847 3824 935 3870 autem
947 3813 1171 3876 intellectualibus
1185 3842 1263 3897 σηοω

211 3922 332 3959 maxime.
427 3935 428 3938 =

282 3988 338 4045 Sed
364 3999 483 4065 praestat
510 3987 705 4067 particulariter
731 4010 858 4067 praesens
886 4009 1044 4067 responsum
1070 4001 1185 4049 tractare
1211 3991 1263 4048 hoc

213 4076 300 4131 modo.
344 4076 405 4132 dieo
423 4079 503 4153 igitur
522 4075 594 4152 quod
613 4076 755 4152 conspicua
774 4075 883 4133 deornm
901 4076 1041 4134 simulacra
1060 4079 1093 4133 ab
1112 4079 1263 4155 intelligibi-

214 4162 286 4218 libus
305 4163 493 4240 paradigmatis
512 4163 611 4220 divlnis
630 4173 674 4219 aut
692 4161 787 4220 saltem
805 4185 888 4242 penes
906 4164 952 4222 illa
965 4175 1185 4244 progenerantur3
1202 4186 1263 4245 pro·

215 4261 337 4325 generata
357 4270 419 4306 sero
438 4261 544 4308 manent
563 4253 591 4306 in
608 4250 784 4320 iisfirmitor,
806 4262 835 4309 et
857 4252 890 4309 sd
912 4274 944 4317 ca
967 4255 1143 4330 pertinentem
1165 4250 1263 4310 babent
