2776 4876
202 341 257 396 Μ
1190 337 1260 402 mi

204 493 372 583 σύμμετρα
394 487 480 560 κατά
502 490 563 572 τὴν
591 493 716 560 ίαυτοῖν
744 488 846 582 φύσιν
874 494 1039 579 ἑκατέροις
1072 488 1264 571 άποδιδοός.

204 605 291 674 ἀλλά
312 602 380 693 μην
401 601 502 670 ὁπότε
525 610 560 689 γέ
583 628 633 681 τις
654 606 721 670 τῶν
749 604 957 688 θεονρχικῶν
980 604 1072 668 θεῶν
1101 602 1267 692 ἀπερκοσ-

203 722 287 804 μίαν
309 713 468 802 μετάσχοι
497 718 614 797 (τοῦτο
638 713 668 781 δ’
688 717 758 781 ἐστὶ
779 711 818 780 τὸ
840 710 974 781 πάντων
1001 713 1300 798 σπανιάτατον),3

204 807 326 905 ἐκεῖνος
349 824 502 909 δήποθίν
523 833 612 893 ἐστιν
635 825 654 892 ὁ
676 829 733 892 καλ
756 823 919 910 σωμάτων
932 828 989 891 καὶ
1003 821 1085 906 ὕλης
1098 824 1267 914 ὑπερέχων

204 943 257 1007 επὶ
272 943 441 1027 θεραπείᾳ
454 942 520 1005 τῶν
534 939 636 1016 θεῶν,
648 936 860 1025 όπερκοσμίῳ
874 960 909 1002 τε
925 933 1063 1022 δυνάμει
1078 945 1150 1014 τοῖς
1165 941 1266 1016 θεοῖς

204 1047 388 1136 ίνοάμινος.
434 1048 473 1115 οὐ
496 1050 545 1114 δεῖ
568 1041 609 1129 δὴ
625 1045 664 1114 τὸ
679 1054 714 1113 ὲν
730 1050 780 1113 ἑνί
794 1070 873 1113 ποτε
888 1047 983 1132 μόλις
998 1052 1054 1114 καὶ
1070 1048 1133 1137 ὀψὲ
1153 1071 1266 1136 παρα·
1285 1067 1301 1119 ο

206 1159 382 1247 γινόμενον
404 1162 457 1225 ἐπὶ
479 1163 526 1225 τῶ
547 1161 631 1225 τέλει
653 1163 711 1240 τῆς
732 1160 898 1244 ἱερατικῆς
919 1164 1017 1226 τοῦτο
1040 1156 1151 1226 κοινὸν
1178 1159 1266 1228 ἀπο·

206 1277 339 1366 φαίνειν
360 1266 443 1359 πρὸς
471 1267 623 1347 ἅπαντας
645 1267 863 1353 ἀνθρώπους,
885 1267 958 1336 ἀλλ’
979 1269 1054 1337 οὐδὲ
1076 1268 1161 1358 πρὸς
1186 1268 1266 1349 τοὺς

205 1382 408 1472 ἀρχομένους
429 1384 487 1462 τῆς
509 1384 691 1469 θεουρχίας
713 1384 887 1447 ποιεῖσθαι
915 1379 1111 1468 αὐτόχρημα
1141 1379 1302 1463 κοινόν,9

206 1493 281 1563 οὐδὲ
303 1489 386 1581 πρὸς
408 1487 485 1570 τοὺς
506 1495 691 1578 μεσοῦντος
713 1498 748 1558 ὲν
770 1490 867 1583 αὐτῆ·
890 1495 947 1558 καὶ
961 1489 1026 1581 γάρ
1042 1484 1137 1560 οὗτοι
1149 1493 1266 1578 dumo-

207 1611 312 1690 γίποις
340 1604 549 1689 σωματοειδῆ
577 1606 751 1671 ποιοῦνται
780 1598 841 1682 τὴν
869 1605 1056 1689 ἐπιμέλειαν
1084 1601 1267 1685 τῆς-ὁσιό-

207 1739 316 1796 τητος.
1288 1721 1322 1775 12

149 1834 188 1894 21
302 1821 403 1907 Οἶμαι
426 1827 539 1891 τοίνυν
560 1827 617 1891 καὶ
638 1829 737 1892 τοῦτο
760 1819 804 1891 ἀν
825 1829 1120 1914 προσομολογῆσαι
1136 1822 1269 1902 πάντας

207 1935 284 2014 τοὺς
306 1931 562 2027 φιλοθεάμονας
583 1938 644 2016 τῆς
665 1939 865 2024 θεουρχικῆς
886 1934 1060 2017 ἀληθείας,
1083 1934 1127 2014 ὡς
1150 1935 1210 2004 οὐκ
1231 1943 1267 2002 ἐκ

207 2051 327 2134 μόρους
346 2044 410 2133 χρῆ
435 2044 509 2111 οὐδὲ
532 2044 654 2123 ἀτελῶς
677 2050 890 2137 συνυφαίνειν
911 2059 982 2125 τοῖς
995 2050 1105 2125 θείοις
1119 2043 1181 2128 τῆν
1196 2054 1268 2114 ἐπι·
1289 2062 1321 2112 15

85 2210 95 2234 ,
206 2155 398 2244 βάλλουσαν
421 2155 535 2234 αάτοῖς
557 2157 733 2243 εὐσέβειαν.
773 2154 884 2238 ἐπειδὴ
900 2161 1013 2224 τοίνυν
1027 2154 1091 2247 πρὸ
1106 2162 1166 2239 τῆς
1180 2182 1268 2246 παρ-

207 2272 325 2344 ουσίας
334 2269 399 2333 τῶν
415 2269 507 2332 θεῶν
521 2273 757 2355 προκινοῦνται
770 2271 879 2334 πᾶσαι
893 2265 1046 2354 δυνάμεις
1058 2265 1137 2336 ὅσαι
1147 2270 1270 2348 αὐτοῖς

207 2375 403 2458 ἀπόκεινται,
425 2383 481 2446 καὶ
496 2376 579 2446 όταν
593 2381 736 2464 μέλλωσι
749 2383 919 2446 κινεῖσθαι
933 2384 985 2447 ἐπὶ
1000 2383 1064 2465 γῆν
1078 2386 1270 2470 προηγοῦν-
1289 2390 1322 2442 18

208 2513 264 2554 ταν
286 2487 394 2555 αὐτῶν
416 2493 472 2556 καὶ
493 2487 791 2578 προπομπεύουσιν,
813 2490 908 2576 ὁμὲν
922 2487 968 2576 μῆ
985 2491 1170 2578 ἀπονείμας
1184 2497 1271 2559 πᾶσι

279 2689 344 2742 2.3.
371 2679 554 2760 ὑπερκοσμίος
573 2690 606 2743 D.
676 2691 704 2742 4.
732 2689 871 2758 δήπουθεν
891 2692 949 2744 ΑΙ).
1021 2695 1047 2744 6.
1073 2691 1123 2759 τό]
1143 2692 1193 2746 τόν
1210 2692 1270 2746 CD.

290 2769 304 2842 ΙΙ
316 2772 356 2839 ἐν]
375 2773 410 2825 εἰσ
429 2777 483 2837 Ac,
510 2795 561 2827 om.
581 2776 613 2828 Ο.
636 2770 648 2847 ΙΙ
668 2770 733 2846 όψὶ]
754 2771 848 2830 doridi
869 2778 900 2840 Α,
928 2771 988 2830 οόδλ
1006 2770 1036 2830 C.
1126 2780 1170 2830 17.
1199 2799 1270 2850 προ-

281 2861 426 2912 κεινοῦνται
443 2861 479 2910 Ι).
550 2861 592 2912 18.
619 2859 788 2926 ὑπόκεινται]
808 2861 843 2913 sic
861 2863 957 2925 Fesoh.,
984 2861 1192 2935 προόπόκεινται
1210 2866 1246 2918 Ο.

211 3068 284 3125 iuxta
304 3084 396 3120 eorum
419 3074 539 3122 naturam
561 3065 726 3124 distribuens
749 3070 882 3145 utrisque3
905 3071 930 3125 εἰ
952 3071 1013 3146 quis
1035 3090 1099 3127 vero
1123 3071 1269 3149 religiosus

209 3162 367 3230 assequatur
386 3150 451 3207 deos
470 3153 699 3229 supermundauos
718 3154 804 3230 (quod
822 3154 931 3231 quidem
942 3157 1079 3212 rarissime
1092 3157 1146 3227 fit),
1164 3160 1269 3215 isoaue

209 3241 238 3294 iu
256 3237 309 3298 diis
329 3235 449 3294 colendis
469 3258 574 3295 omnem
592 3239 756 3317 derelinquit
773 3243 910 3297 materiam
932 3252 959 3297 et
977 3262 1089 3320 eorpus,
1112 3253 1140 3298 et
1158 3246 1186 3301 vi
1206 3265 1269 3320 qua·

210 3323 272 3383 dom
289 3323 504 3400 supermundana
523 3325 575 3382 diis
593 3329 692 3382 unitur.
740 3323 813 3402 quod
831 3336 920 3383 autem
937 3330 983 3384 uni
1001 3331 1048 3386 vix
1065 3328 1172 3384 tandem
1184 3330 1217 3385 iu
1228 3349 1268 3396 re

208 3407 317 3488 ligionis
334 3409 390 3466 fiue
408 3412 547 3487 contingit,
565 3430 620 3467 non
638 3411 746 3489 expedit
763 3430 813 3489 pro
833 3415 967 3469 communi
984 3412 1044 3490 lege
1063 3415 1185 3470 omuibus
1204 3435 1268 3492 pro-

211 3495 339 3571 mulgare,
359 3515 409 3552 neo
427 3516 491 3552 sane
509 3499 549 3553 eis
568 3498 614 3572 qui
632 3499 685 3553 iam
702 3499 798 3554 novitii
815 3507 878 3553 suut
895 3500 924 3554 in
941 3497 1070 3576 theurgia,
1088 3510 1134 3558 aut
1149 3501 1269 3558 medium

211 3583 317 3637 itineris
350 3579 498 3638 coniecere.
545 3581 574 3638 hi
597 3603 711 3658 nomque
737 3585 843 3659 utrique
866 3604 1021 3663 corpoream
1048 3606 1158 3664 quoquo
1186 3588 1269 3644 modo

116 3710 121 3715 .
211 3664 302 3722 solent
318 3668 358 3722 roi
375 3666 482 3725 divinae
500 3687 589 3725 curam
606 3688 692 3743 agere.

153 3758 190 3818 21
281 3750 407 3807 Arbitror
428 3755 510 3829 igitur
531 3763 559 3809 et
580 3751 633 3809 hoo
656 3755 684 3809 iu
702 3751 826 3810 confesso
849 3776 910 3812 esse
934 3757 1006 3836 apud
1029 3777 1122 3815 omnes
1145 3737 1270 3815 veritatis

211 3835 365 3911 theurgicae
382 3837 529 3908 studiosos,
545 3860 600 3897 uon
618 3850 745 3918 oportere
763 3840 863 3898 cultum
882 3846 988 3920 superis
1000 3846 1207 3920 convenientem
1222 3854 1269 3899 aut

210 3918 361 4000 partialiter
378 3932 424 3979 aut
444 3924 599 4003 imperfecte
621 3927 757 3983 adhibere.
805 3931 930 4004 quoniam
953 3931 1034 4006 igitur
1056 3940 1200 4006 antequam
1222 3951 1270 4008 ap·

208 4015 321 4086 pereant
338 4006 377 4062 dii
395 4005 611 4089 descendantque
628 4013 663 4069 ad
680 4023 787 4083 terram,
805 4034 898 4074 omnes
916 4016 1085 4073 subiacentes
1103 4014 1159 4072 iliis
1171 4025 1270 4094 poten·

210 4096 263 4150 tioe
280 4102 420 4150 morentur
432 4102 459 4148 et
469 4109 644 4171 praecurrunt
654 4119 822 4177 pompaeque
832 4102 992 4170 inserviunt,
1009 4104 1135 4159 nimirum
1151 4104 1200 4178 qui
1211 4121 1270 4158 nou

211 4177 349 4239 distribuit
370 4179 495 4239 omnibus
517 4181 590 4257 quod
617 4186 714 4262 cuique
737 4188 871 4265 congruit,
899 4206 949 4243 uec
973 4207 1189 4264 unumquemque
1214 4207 1269 4246 suo
