2776 4876
208 340 263 394 m
1191 331 1261 396 5,ss

209 494 409 580 κηδεμονίαν
436 488 561 576 σώματι
589 493 776 577 παρέχοντα
804 482 827 566 ἢ
853 489 983 554 ἐκείνων
1016 482 1263 571 ἐπιμελούμενα,

211 603 234 674 ἀ
256 610 321 672 τῶν
342 598 503 687 σωμάτων
525 607 618 667 ἕνεκα
639 596 808 685 κτώμεθα.

156 729 194 791 17
304 718 345 780 Τί
367 707 408 794 δὴ
431 703 491 779 οὖν
512 710 592 797 ἡμῖν
613 713 706 777 ἐσται
730 707 822 798 παρά
850 713 916 775 τῶν
944 706 1149 800 ἐξῃρημένων
1176 723 1297 774 παν-3

209 825 335 895 τάπασι
357 825 450 890 θεῶν
470 820 580 904 πόσης
601 821 819 910 ἀνθρωπίνης
845 825 999 906 γενέσεως
1028 825 1073 896 είς
1091 817 1265 906 ἀκαρπίαν

209 933 233 1019 ἢ
253 936 402 1023 ἀγωνίαν
424 929 446 1015 ἢ
467 938 659 1020 περιουσίαν
680 929 703 1015 ἢ
725 928 808 999 ἀλλο
831 956 862 998 τι
883 932 950 997 τῶν
971 933 1032 996 τοῦ
1051 931 1130 1015 βίου
1157 953 1266 1018 πραγ·

209 1046 323 1134 μάτων
337 1042 508 1132 ἐχόμενονς
532 1045 627 1112 οὐδὲν
642 1043 810 1131 οὐδαμῶς·
832 1038 908 1120 τοάς
922 1034 987 1127 γάρ
1002 1039 1266 1126 ἀπολελυμίνους
1284 1059 1299 1109 o

210 1156 344 1226 πόντων
372 1154 432 1223 οὐκ
464 1158 570 1221 ἐνεστι
601 1158 668 1222 τῶν
696 1151 853 1222 τοιούτων
881 1149 1097 1241 ἐφάπτεσθαι
1128 1147 1264 1217 δόσεων.

210 1267 284 1337 ἀλλ’
303 1275 331 1336 st
352 1273 413 1352 μέν
441 1291 490 1344 τις
517 1269 602 1352 λέγει
623 1263 675 1332 ότι
696 1270 880 1351 περιέχουσι
907 1266 962 1329 καὶ
990 1257 1067 1340 τοάς
1094 1256 1266 1337 τοιούτους

211 1375 315 1457 θιοάς
337 1383 369 1445 οί
391 1380 558 1456 παντελῶς
579 1373 683 1457 ἀυλοι,
711 1383 913 1464 περιέχοντες
939 1376 974 1440 δέ
1002 1368 1123 1450 αὐτοὺς
1143 1374 1199 1438 καὶ
1220 1367 1301 1437 τάν

211 1493 301 1581 δῶρα
324 1488 433 1556 αὐτῶν
455 1483 541 1555 κατά
561 1490 644 1574 μίαν
665 1482 727 1569 τὴν
748 1484 880 1575 πρώτην
902 1488 1013 1552 αέτίαν
1028 1479 1267 1574 συνειλήφασιν

211 1608 247 1668 ἐν
275 1605 418 1677 ἐαυτοῖς,
451 1603 540 1684 λέγοι
572 1593 647 1665 τινά
675 1595 718 1665 ἀν
747 1595 832 1665 οὕτω
860 1599 1040 1664 κατιοῦσαν
1072 1593 1130 1660 ἀπ’
1156 1591 1268 1658 αὐτῶν

211 1713 405 1798 περιουσίαν
425 1711 486 1790 τῆς
507 1711 608 1786 θείας
630 1706 768 1786 δόσεως·
796 1708 840 1786 ὡς
862 1710 897 1775 δέ
919 1706 1016 1775 αιἰτολ
1037 1710 1141 1773 ταῦτα
1164 1707 1267 1791 δρῶσι
1287 1715 1320 1766 ¹²

211 1822 378 1910 προσεχῶς
391 1817 616 1909 ἐφαπτόμενοι
629 1822 695 1885 τῶν
708 1821 768 1886 τοῦ
782 1818 995 1906 ἀνθρωπείου
1009 1820 1086 1904 βίου
1105 1812 1266 1903 πράξεων,

212 1930 322 1999 οάδενλ
342 1937 567 2017 συγχωρητέον
589 1932 701 2015 λέγειν.
739 1927 876 2017 μεριστή
897 1954 933 1997 τε
954 1927 1019 2020 γάρ
1041 1936 1130 1996 ἐστιν
1152 1925 1177 2008 ἡ
1196 1949 1268 1992 τοι·

211 2038 297 2123 αότη
323 2046 510 2130 προστασία
538 2043 605 2107 τῶν
632 2043 722 2131 τῇδε,
750 2045 806 2106 καὶ
834 2039 918 2126 μετά
946 2066 1035 2119 ταας
1062 2039 1270 2128 ἐπιστροφῆς
1288 2055 1321 2106 tt

212 2155 410 2230 ἐπιτελεῖται,
430 2148 574 2241 χωριστή
596 2176 630 2218 τε
654 2149 714 2217 οὐκ
734 2154 802 2218 ἐστι
823 2149 931 2234 πάυτη
955 2151 1125 2240 σωμάτων,
1146 2153 1203 2216 καὶ
1227 2147 1268 2215 οό

212 2262 352 2331 δύναται
373 2260 541 2342 δέξασθαι
553 2256 615 2342 τὴν
628 2258 790 2351 καθαρόν
804 2267 860 2330 καί
875 2262 1042 2353 ἄχραντον
1061 2261 1267 2330 ἐπιστασίαν.

212 2373 333 2443 οὐκοῦν
354 2376 413 2440 καὶ
432 2371 556 2461 τρόπος
577 2376 761 2463 ἱερουργίας
782 2379 835 2442 ἐπί
858 2379 923 2442 τῶν
945 2371 1100 2444 τοιούτων
1121 2375 1226 2460 ίίργων
1247 2368 1267 2437 ό
1288 2382 1324 2435 1⁸

284 2609 309 2659 b.
336 2601 447 2675 ἀγονίαι
465 2604 497 2657 Β.
522 2600 535 2673 ΙΙ
559 2602 626 2672 τῶν]
645 2605 683 2658 sie
700 2605 780 2670 ACD,
799 2627 850 2659 om.
869 2607 902 2660 Ο.
1011 2609 1036 2660 o.
1063 2608 1190 2675 ίχομέκων
1210 2603 1269 2657 cl).

283 2693 310 2745 8.
336 2689 596 2758 λίγοιΑΕεετυεεςο
607 2691 641 2746 D.
713 2695 756 2745 1³.
784 2688 958 2765 ἀνθρωπίνου
970 2691 1024 2744 AC.
1098 2693 1140 2742 17.
1165 2685 1269 2761 ἄκραν-

283 2796 330 2830 τον
348 2777 383 2828 D.

213 2994 297 3050 victui
315 2993 466 3049 necessaria
484 3001 554 3059 sunt,
573 2992 617 3049 vel
637 2994 670 3051 ad
688 2993 734 3051 illa
751 2997 887 3074 pertinent
905 3016 973 3072 quae
991 2996 1113 3073 corporis
1132 3013 1212 3050 eausa
1225 3014 1270 3049 eu·

212 3099 310 3156 prmus.

158 3167 196 3228 17
285 3163 359 3238 Quid
381 3163 489 3220 taudem
506 3164 539 3220 ab
561 3166 621 3221 istis
646 3165 708 3234 diis,
731 3169 777 3242 qui
800 3166 833 3221 ab
856 3168 929 3222 omni
951 3164 1064 3221 bumana
1088 3166 1193 3220 actione
1215 3166 1271 3220 exi·

213 3259 329 3318 utuntur,
348 3250 427 3307 nobis
445 3252 546 3328 poterit
564 3253 718 3328 contingere
737 3255 807 3309 eirea
820 3251 983 3308 calamitates
996 3261 1042 3307 aut
1053 3249 1210 3307 sterilitates
1223 3259 1270 3306 ant

213 3334 365 3392 fertilitates
388 3333 432 3390 vel
451 3333 501 3390 alia
520 3339 688 3413 quaesitam
709 3336 778 3394 banc
798 3348 919 3394 nostram
940 3337 1068 3413 tangunt?
1112 3355 1176 3392 sane
1199 3334 1270 3392 nibil

212 3423 370 3500 quidquam:
396 3423 441 3496 qui
459 3423 531 3478 enim
548 3432 611 3478 sunt
628 3424 661 3479 ab
681 3424 803 3480 omnibus
827 3422 943 3480 absoluti
966 3421 1097 3478 eiusmodi
1119 3421 1188 3477 dona
1212 3441 1269 3476 non

212 3518 335 3565 metant.
382 3506 497 3583 quodsi
516 3509 576 3584 quis
595 3507 667 3565 dieat
685 3509 751 3565 deos
769 3507 832 3565 illos
849 3528 962 3587 prorsus
979 3505 1166 3565 immateriales
1190 3508 1219 3562 in
1239 3525 1268 3562 se

213 3592 356 3670 complecti
374 3592 440 3649 deos
458 3592 617 3663 materiales,
637 3604 766 3670 quatenus
785 3604 872 3651 autem
884 3595 960 3671 ipsos
972 3595 1000 3650 in
1012 3614 1051 3661 se,
1069 3595 1190 3671 ipsorum
1203 3612 1268 3668 quo·

213 3697 266 3754 que
282 3677 352 3734 dona
370 3678 597 3756 comprehendere
614 3690 749 3757 tamquam
767 3700 846 3737 eausa
864 3700 914 3736 una
934 3691 961 3737 et
977 3682 1072 3758 prima,
1097 3681 1168 3736 istoc
1185 3687 1266 3757 paeto

212 3763 287 3819 dieet
303 3763 500 3821 exuberantiam
522 3766 654 3841 quandam
678 3766 785 3822 divinae
801 3767 974 3842 benignitatis
995 3764 1071 3822 illine
1094 3756 1266 3821 desoendere

213 3847 286 3926 quod
303 3857 390 3904 autem
407 3851 460 3928 ipsi
478 3849 545 3908 baee
563 3862 642 3928 agant
657 3854 694 3908 ita
712 3874 742 3909 ao
761 3855 785 3908 si
803 3854 923 3909 actiones
939 3853 1075 3928 vitamque
1087 3861 1208 3906 nostram
1220 3852 1269 3906 im-

211 3933 328 3992 mediate
345 3936 543 4011 oontingerent,
566 3937 633 3994 nulli
657 3938 749 3995 dicere
771 3935 971 3994 eoncedendum
989 3946 1043 4013 est.
1089 3938 1177 3992 omnis
1195 3937 1268 3992 enim

212 4018 344 4078 eiusmodi
361 4037 450 4075 rerum
466 4019 560 4077 barum
577 4023 771 4082 administratio
789 4022 959 4103 particularis
977 4032 1027 4090 est,
1046 4031 1075 4078 et
1091 4019 1173 4078 babet
1189 4023 1220 4077 in
1237 4041 1268 4077 se

212 4108 282 4165 eirea
301 4107 412 4163 baares
431 4105 562 4181 quandam
579 4111 750 4178 anxietatem,
773 4128 861 4185 neque
878 4109 1019 4164 omuiuoa
1043 4108 1205 4186 corporibus
1226 4127 1269 4162 se·

213 4202 315 4265 gregata
334 4201 384 4259 est,
403 4210 453 4248 uso
471 4201 563 4269 potest
580 4193 613 4249 ed
631 4192 760 4271 liquidam
778 4206 806 4251 et
817 4194 1034 4273 imperturbatam
1045 4193 1269 4271 gubernationem
