2776 4876
194 339 249 394 ‘28⁰
1196 327 1250 392 9,6

158 513 178 572 6
285 496 328 559 Et
349 494 383 558 δὲ
406 493 456 557 δεῖ
478 511 533 556 σοι
553 483 613 554 τὸν
634 486 754 568 ἀληθῆ
775 489 933 571 περὶτοῦ
954 486 1075 552 οίκείου
1090 484 1252 568 δαίμονος

196 606 297 690 λόγον
319 599 551 688 ἀποκαλύψαι,
579 598 639 665 οὐκ
661 596 722 689 ἀφ’
741 592 815 675 riade
836 604 956 683 pepone
977 599 1042 663 τῶν
1064 602 1100 663 ὲν
1127 597 1176 680 τῷ
1198 593 1253 662 οὐ·

197 720 287 800 ρανῷ
311 713 379 781 οὐδ’
400 709 468 779 ἀπό
490 735 581 787 τινος
602 712 765 795 στοιχείου
778 711 844 775 τῶν
860 706 1035 795 ὁρωμένων
1049 705 1253 793 ἀπονέμεται
1270 721 1285 773 3

197 826 277 913 ἡμῖν
299 817 404 904 οὗτος,
427 822 489 914 ἀφ’
509 820 594 890 ὅλου
612 823 647 888 δὲ
668 821 730 886 τοῦ
750 816 877 905 κόσμου
890 822 948 885 καλ
961 822 1021 899 τῆς
1033 820 1254 898 παντοδαπῆς

196 943 233 1005 ἐν
262 935 352 1021 αὐτῷ
380 937 464 1016 ζωῆς
491 937 548 1001 καὶ
577 936 637 998 τοῦ
663 932 882 998 παντοδαποῦ
904 926 1071 1015 σώματος,
1099 927 1148 996 δι’,
1162 921 1253 1009 ὦνὴ

133 1025 136 1029 ¹
195 1043 287 1138 ψυχὴ
308 1045 452 1114 κάτεισιν
474 1049 528 1112 ἐπὶ
549 1041 611 1124 τὴν
631 1049 766 1128 γένεσιν,
788 1041 1022 1128 απομερίζεταί
1042 1066 1093 1119 τις
1109 1046 1150 1108 7ἐν
1170 1038 1255 1126 ἡμῖν
1272 1058 1290 1110 6

195 1169 298 1248 μοῖρα
328 1161 396 1226 itta
427 1151 511 1243 πρός
544 1162 683 1222 ἕκαστον
713 1157 779 1221 τῶν
813 1160 848 1220 δν
876 1153 957 1240 ἡμῖν
978 1152 1253 1238 ,ἀπομεριζομένη

196 1270 271 1339 κατ’
291 1273 380 1338 ίδίαν
403 1271 607 1337 ἐπιστασίαν.
653 1259 750 1343 οὗτος
773 1259 816 1345 δὴ
838 1257 898 1333 οὖν
921 1264 939 1332 ὁ
969 1267 1097 1350 δαίμων
1120 1269 1255 1343 ἕστηκεν

195 1388 231 1447 ἐν
251 1383 494 1468 παραδείγματι
508 1368 581 1466 ’πρὸ
605 1380 663 1445 τοῦ
685 1381 740 1443 καὶ
761 1372 822 1454 τός
844 1372 954 1465 ψυχὰς
976 1379 1123 1443 κατιέναι
1137 1381 1183 1451 είς
1198 1378 1254 1458 γε’·
1274 1388 1293 1440 t

195 1514 312 1561 vestm·
325 1488 365 1559 δν
386 1485 518 1559 ίπειδολν
541 1493 654 1569 ἕληται
674 1486 696 1567 ἡ
713 1486 802 1574 ψυχὴ
817 1486 973 1574 ἡγεμόνα,
997 1483 1099 1565 εὐθὺς
1113 1491 1256 1577 ἐφίστη-

196 1626 252 1670 κεν
277 1603 295 1671 ό
322 1605 452 1688 δαίμων
474 1597 717 1687 ἀποπληρωτὴς
738 1602 803 1666 τῶν
823 1602 909 1683 βίον
930 1602 991 1679 τῆς
1004 1601 1122 1688 ψυχῆς,
1143 1593 1184 1675 ὃς
1198 1599 1257 1662 καὶ

197 1720 242 1791 εὶς
263 1710 302 1778 sd
326 1717 421 1797 σῶμα
443 1714 623 1793 κατιοῦσαν
645 1706 750 1792 αὐτὴν
773 1715 883 1807 συνδεῖ
904 1708 987 1798 πρὸς
1008 1706 1047 1776 τό
1071 1713 1176 1794 σῶμα,
1197 1710 1257 1773 καὶ
1277 1717 1311 1771 12

197 1820 237 1890 τό
258 1820 371 1890 κοινόν
394 1826 478 1904 ζῶον
499 1821 603 1903 αὐτῆς
625 1820 834 1909 ἐπιτροπεύει,
856 1820 943 1903 ζωὴν
964 1843 1000 1889 τε
1015 1814 1078 1901 τὴν
1091 1823 1181 1888 ίδίαν
1195 1821 1259 1900 τῆς

197 1938 306 2023 ψυχῆς
328 1930 428 2012 αὐτός
449 1930 654 2011 κατευθύναι,
676 1937 732 2000 καὶ
754 1930 819 2001 όσα
842 1929 1183 2037 λογιζόμεδαγαιίτοῦ
1194 1927 1259 2008 τοὶς

197 2044 303 2134 ἀρχὰς
325 2044 406 2131 ἡμῖν
429 2042 630 2124 ἐνδιδόντος,
659 2042 900 2130 διανοούμεθα,
921 2043 1110 2132 πρόττομέν
1130 2067 1166 2109 τε
1188 2068 1259 2109 τοι·
1276 2061 1309 2110 15

197 2134 283 2223 αὕτα
307 2152 364 2223 οἷα
386 2151 429 2222 σίν
452 2151 553 2233 αὐτὸς
574 2154 655 2242 ἡμῖν
678 2160 731 2222 ἐπὶ
753 2161 834 2223 νοῦν
857 2155 929 2248 όγμ,
951 2160 1008 2222 καὶ
1029 2163 1123 2244 μέχρι
1136 2151 1258 2222 τοσοό·

198 2292 256 2334 του
278 2270 422 2354 κυβερνᾷ
443 2262 520 2343 roric
542 2264 751 2352 ἀνθρώπους,
781 2275 839 2346 ἕως
867 2263 911 2335 δν
934 2264 990 2334 διὰ
1011 2271 1071 2348 τῆς
1092 2269 1258 2352 ἱερατικῆς

197 2381 379 2464 δεονργίας
413 2377 498 2445 θεὸν
531 2379 655 2467 ἔφορον
683 2377 907 2466 ἐπιστήσομεν
936 2383 992 2446 καὶ
1020 2376 1170 2465 ἡγεμόνα
1196 2381 1259 2458 τῆς
1276 2394 1308 2446 ts

266 2643 291 2694 λ.
319 2637 361 2708 dd]
382 2642 413 2709 δὴ
433 2643 463 2695 C.
557 2646 581 2696 6.
609 2641 664 2710 τις]
683 2640 730 2712 τῆς
747 2642 804 2696 BD.
893 2646 933 2696 11.
962 2639 993 2702 ὃς
1012 2646 1057 2696 καὶ
1075 2663 1126 2694 orn.
1148 2641 1257 2706 ABCD3

267 2728 311 2778 sed
327 2741 384 2796 post
401 2725 480 2798 σῶμα
497 2728 543 2782 ΑΟ
562 2730 658 2781 addunt
676 2749 704 2782 τε
724 2719 778 2792 οὖν,
798 2729 821 2779 D
841 2728 909 2780 addit
930 2751 966 2782 εει
996 2724 1000 2730 ’
1076 2730 1117 2781 18.
1147 2733 1255 2797 ἐπιστη-

268 2809 384 2880 σόμεθα
402 2810 482 2877 (corr.
502 2816 557 2866 ead.
575 2834 641 2866 man.
662 2811 860 2884 ίπιστῂσιιμεν)
879 2817 910 2867 Α.

160 3065 180 3124 6
268 3069 375 3144 Quodsi
393 3071 429 3128 de
446 3075 558 3151 proprio
577 3072 708 3131 daemone
729 3095 822 3132 rerum
845 3076 953 3134 tandem
977 3095 1129 3134 amonem
1151 3078 1257 3154 aperire

196 3157 316 3225 debeam,
339 3160 363 3213 is
382 3178 447 3215 sane
466 3159 579 3216 daemon
597 3180 651 3216 non
669 3161 839 3219 distribuitur
858 3163 936 3223 nobis
954 3184 969 3229 a
989 3172 1061 3221 certa
1074 3160 1170 3238 'aliqua
1188 3161 1255 3221 eseli

195 3253 272 3321 parte
291 3255 337 3299 aut
355 3244 486 3302 elemento
499 3245 632 3312 sensibili.
650 3247 700 3303 sed
711 3248 867 3326 decerpitur
877 3247 923 3304 illa
936 3251 1028 3326 portio
1040 3270 1056 3305 a
1068 3251 1152 3306 totius
1163 3248 1257 3306 munti

196 3329 376 3406 dispositione
400 3351 450 3388 nec
473 3353 528 3389 non
546 3335 617 3390 vitae
639 3335 795 3409 omnigenae
813 3335 841 3389 in
859 3354 892 3391 co
915 3344 943 3391 et
960 3354 1105 3413 corporum
1129 3337 1256 3402 ommuni,

196 3426 323 3492 regnante
341 3427 398 3472 tum
416 3439 477 3474 cum
499 3421 586 3475 anima
608 3438 656 3496 per
679 3440 710 3474 ea
733 3418 768 3475 ad
791 3422 988 3498 generationem
1011 3420 1164 3486 descendit3
1188 3421 1256 3479 boec

196 3511 283 3557 autem
306 3505 396 3580 portio
419 3505 459 3560 sic
482 3503 609 3581 decerpta
633 3507 661 3560 in
685 3505 764 3561 nobis
782 3508 919 3583 propriam
937 3506 1070 3583 quandam
1092 3508 1204 3563 sortitur
1226 3508 1256 3562 in

195 3597 287 3642 nostra
305 3591 392 3645 omnia
410 3591 612 3667 praefecturam.
646 3591 703 3647 [hic
722 3594 803 3668 igitur
820 3592 933 3649 daemon
951 3595 1143 3670 praeextiterat
1161 3595 1189 3650 in
1210 3613 1256 3670 pa·

195 3671 341 3748 radigmate
358 3677 514 3753 priusquam
532 3679 560 3732 in
578 3679 688 3752 genesin
702 3677 882 3735 descenderet
899 3680 999 3745 τοίνυν,
1013 3677 1063 3735 hic
1080 3679 1128 3736 uhi
1139 3681 1257 3757 primum

195 3778 246 3835 pro
266 3758 334 3814 duce
352 3763 437 3817 anima
456 3763 509 3820 sibi
527 3763 672 3822 adsciverit
691 3784 764 3833 eum,
788 3766 879 3821 statim
903 3766 1008 3821 animae
1030 3765 1119 3834 adest,
1144 3768 1256 3841 eiusque

196 3842 287 3901 vitalia
306 3864 387 3921 opera
405 3852 553 3924 exequitur,
578 3853 666 3927 ipsam
684 3851 717 3907 ad
735 3852 845 3927 genesin
863 3850 1071 3910 descendentem
1088 3853 1200 3930 corpori
1215 3850 1255 3907 al·

196 3931 274 4009 ligat,
299 3940 388 3987 totum
403 3935 431 3988 in
452 3939 585 3993 communi
608 3937 705 3994 animal
728 3939 810 4013 regit,
835 3939 971 4014 vitamque
988 3940 1096 4005 enimse
1118 3939 1257 4016 propriam

196 4019 333 4094 gubernat,
352 4037 473 4093 quaeque
491 4025 638 4097 cogitamus
656 4024 689 4079 ab
708 4044 741 4080 eo
759 4025 922 4102 principium
940 4024 1047 4093 habent,
1066 4034 1094 4080 et
1112 4045 1142 4080 ea
1155 4026 1257 4100 agimus

197 4124 264 4178 quoe
282 4104 361 4160 nobis
380 4106 409 4161 in
427 4116 543 4163 mentem
561 4110 587 4164 is
604 4109 751 4179 induxerit,
773 4110 889 4186 denique
911 4120 1021 4168 eatenus
1043 4130 1094 4167 nos
1118 4110 1257 4186 gubernat,

198 4189 286 4261 quoad
305 4194 389 4249 sacris
408 4189 540 4269 perfectis.
553 4214 603 4270 pro
622 4193 752 4252 doemone
768 4196 848 4254 deum
857 4199 959 4255 emmae
971 4196 1111 4255 custodem
1122 4205 1151 4251 et
1163 4195 1259 4254 ducem
