2776 4876
199 348 252 403 190
403 372 407 381 ι
1199 345 1226 409 ί,
1238 348 1253 397 7

199 507 291 570 θεῶν
312 497 477 568 ἀδύνατόν
507 524 538 565 τι
559 502 697 588 ψεῦδος,
727 503 802 587 περὶ
831 489 869 565 ού
899 495 1020 576 πάντες
1035 495 1194 580 Ἕλληνές
1219 523 1253 566 τε

198 618 254 681 καὶ
274 603 444 701 βάρβαροι
465 614 599 678 ἐναντία
622 610 762 692 ἀληθῶς
783 607 1042 691 διαδοξοίζονσιν.

161 733 180 794 7
281 720 367 811 Ἔχει
388 727 448 809 μὲν
471 714 532 789 ούν
554 719 593 788 τό
614 747 650 807 γε
673 722 801 805 ἀληθὲς
823 719 940 800 οὕτως·
965 719 1005 788 οὐ
1018 717 1086 807 μὴν
1100 716 1188 788 ἀλλὰ
1203 723 1254 788 δεῖ
1272 736 1289 788 3

197 839 399 923 προσθεῖναι
421 838 477 902 καὶ
499 830 541 901 τό
563 833 653 900 αίτια
675 839 734 915 τῆς
755 838 858 902 ἐνίοτε
880 837 946 900 τῶν
967 835 1254 918 κακῶννενέσεως,

197 945 287 1016 πόσα
313 953 349 1014 τέ
376 954 447 1015 ἐστι
477 948 533 1012 καὶ
557 943 676 1013 ὁποῖα·
707 951 764 1012 καὶ
791 943 856 1033 γὰρ
885 945 959 1013 οὐδὲ
986 944 1115 1013 ἁπλοῦν
1144 942 1255 1011 αὐτῶν

195 1059 333 1149 ὑπάρχει
365 1054 403 1126 τὸ
438 1054 538 1137 εἶδος·
575 1051 725 1125 ποικίλον
760 1057 789 1123 δ’
817 1056 924 1126 αίτιον
952 1060 1108 1125 ποικίλων
1143 1060 1292 1127 κακῶνθ

197 1185 390 1261 προηγεῖται
411 1175 471 1252 τῆς
492 1176 655 1255 γενέσεως.
701 1175 728 1235 εί
749 1166 814 1258 γὰρ
837 1168 977 1252 ἀληθῶς
999 1165 1076 1255 όρτι
1099 1172 1254 1254 ἐλέγομεν

196 1288 271 1370 περὶ
293 1286 358 1350 τῶν
382 1278 523 1349 είδόλων
544 1285 602 1348 καὶ
624 1286 690 1347 τῶν
711 1283 820 1348 κακῶν
842 1278 1009 1367 δαιμόνων
1031 1285 1097 1346 τῶν
1116 1278 1253 1366 ὑποκρι-

197 1401 344 1481 ναμένων
366 1390 427 1474 τὴν
449 1398 514 1460 τῶν
537 1395 628 1461 θεῶν
651 1398 706 1460 καὶ
729 1398 794 1460 τῶν
816 1393 961 1479 ἀγαθῶν
983 1389 1151 1478 δαιμόνων
1165 1406 1291 1477 παρ-9

198 1511 328 1586 ουσίαν,
356 1503 441 1573 πολύ
469 1505 575 1587 δήπου
597 1530 630 1572 τι
651 1509 894 1598 καταφαίνεται
915 1507 1072 1573 ἐντεῦθεν
1101 1508 1254 1591 ἐπιρρέον

197 1616 236 1685 τὸ
259 1613 439 1684 κακοποιόν
461 1619 582 1707 φῦλον,
611 1621 687 1703 περὶ
709 1613 728 1683 δ
751 1618 945 1701 συμβαίνειν
973 1619 1063 1706 φιλεῖ
1089 1614 1111 1695 ἡ
1140 1611 1254 1683 τοιοίδε

198 1732 397 1804 ἐναντίωσις.
435 1730 563 1792 δίκαιον
578 1724 716 1812 μὲνγὰρ
732 1727 821 1808 ἀξιοῖ
835 1725 919 1794 εἶναι
932 1724 993 1795 τόν
1008 1723 1253 1815 θεραπεύοντα,
1275 1737 1309 1788 12

198 1836 283 1905 διότι
304 1837 513 1922 ὑποκρίνεται
536 1833 619 1903 εἶναι
642 1834 715 1904 οἷον
736 1834 775 1905 τό
799 1841 897 1906 θεῖον
918 1844 1027 1924 γένος·
1048 1839 1203 1925 ὑπηρετεῖ
1217 1839 1254 1904 δὲ

197 1948 280 2035 πρὸς
301 1942 346 2015 τδι
367 1944 481 2028 ἄδικα,
511 1947 594 2016 διότι
623 1955 766 2039 πέφυκεν
796 1948 879 2017 είναι
905 1949 1069 2040 πονηρόν·
1097 1954 1180 2018 ἔστω
1210 1943 1254 2028 δὴ

197 2053 299 2130 οὖνὸ
323 2057 423 2138 αὐτός
445 2059 543 2146 λόγος
564 2065 638 2147 περὶ
665 2059 809 2148 ψεύδους
836 2066 891 2128 καὶ
915 2061 1070 2140 ἀληθοῦς
1092 2064 1148 2125 καί
1171 2058 1254 2143 ἀγα·
1275 2080 1307 2130 15

198 2175 269 2240 θοῦ
289 2175 345 2239 καὶ
360 2176 471 2239 κακοῦ.
509 2171 667 2258 καθάπερ
683 2170 725 2250 δὴ
740 2164 801 2236 οὖν
817 2177 940 2249 ἐντοῖς
954 2175 1127 2258 μαντείαις
1141 2165 1255 2254 μόνως

197 2280 236 2350 τό
251 2281 432 2364 ἀληθεύειν
446 2295 516 2360 τοῖς
531 2286 628 2360 θεοῖς
643 2280 888 2366 ἀπονείμαντες,
911 2279 1098 2360 κατιδόντες
1119 2277 1156 2347 τδ
1172 2285 1253 2373 apeti-

196 2398 255 2473 δος
277 2392 454 2481 λεγόμενον
480 2400 514 2461 ἐν
536 2392 669 2473 αὐταῖς,
699 2399 744 2471 είς
766 2399 877 2478 ἕτερον
900 2398 993 2477 γένος
1020 2396 1129 2471 αίτίας
1150 2395 1252 2461 τοῦτο
1275 2408 1308 2460 18
1370 2395 1376 2402 ’

269 2612 294 2664 2.
322 2606 454 2663 τάναντία
472 2610 553 2662 ΑΒΙ).
626 2611 650 2662 l.
679 2610 728 2668 τοὶς
747 2611 837 2668 αἰτίας
856 2609 885 2663 C.
959 2612 984 2662 6.
1012 2604 1038 2662 δ’
1054 2607 1153 2674 αίτιον]
1172 2608 1208 2660 sic
1222 2611 1254 2670 A,

269 2693 432 2750 d'luade.
535 2699 559 2748 7.
588 2697 736 2767 προηγῆται
754 2697 784 2748 Α.
884 2699 907 2749 9.
935 2694 986 2748 τῶν
1004 2692 1136 2763 (alterum)
1154 2716 1207 2748 om.
1220 2695 1253 2748 0.

272 2784 311 2833 ll.
341 2781 437 2850 φύλλον
456 2781 535 2833 ACD.
548 2776 560 2849 ΙΙ
572 2796 629 2851 post
647 2784 716 2852 φιλεῖ
734 2784 757 2832 Α
775 2782 831 2833 add.
851 2784 903 2835 καί.
976 2785 1018 2836 12.
1041 2779 1200 2854 θεράποντα
1219 2782 1254 2834 0.

199 3005 276 3070 dere3
300 3002 515 3079 quandoquidem
537 3003 580 3060 his
603 3003 637 3059 de
660 3004 739 3060 rebus
762 3015 819 3061 tum
838 3005 935 3062 Graeci
959 3026 1051 3063 omnes
1069 3016 1126 3062 tum
1145 3005 1251 3062 barbari

198 3090 290 3148 eadem
307 3109 372 3147 vere
389 3091 513 3146 sentiant.

161 3177 180 3236 7
268 3177 359 3253 Atque
376 3176 443 3233 adeo
462 3194 511 3255 pro
529 3179 601 3233 veris
618 3175 684 3233 haee
703 3176 807 3233 admitti
825 3187 940 3254 oportet
985 3187 1013 3233 at
1030 3180 1102 3234 enim
1124 3187 1197 3234 reete
1218 3175 1254 3232 fe-

181 3264 323 3332 4οοήιιιιιε,
346 3265 370 3318 si
388 3261 543 3318 adiiciamus
562 3283 655 3320 causas
673 3262 745 3320 unde
763 3262 905 3340 aliqnando
928 3262 997 3321 mala
1019 3274 1108 3321 ertum
1128 3262 1254 3332 habeant,

196 3351 277 3406 etiam
296 3359 324 3406 et
341 3359 408 3427 quot
426 3346 571 3424 qualesque
590 3352 656 3405 sint:
679 3370 729 3407 nee
752 3353 824 3407 enim
841 3369 893 3408 una
909 3361 936 3406 et
954 3349 1070 3430 simplex
1094 3370 1172 3407 eausa
1196 3360 1254 3417 est3

196 3435 247 3492 sed
263 3434 405 3513 multiplex
427 3455 507 3492 eausa
529 3434 589 3491 lons
613 3446 655 3492 est
672 3435 803 3494 malorum
821 3434 1016 3515 multiplicium.
1067 3439 1119 3493 iam
1140 3439 1165 3492 si
1188 3457 1254 3493 vera

197 3523 254 3578 sint
272 3542 340 3597 quae
356 3520 437 3599 paulo
460 3523 537 3598 prius
561 3521 677 3578 diximus
700 3522 733 3579 de
755 3522 836 3580 idolis
860 3533 887 3579 et
908 3522 987 3579 malis
1008 3523 1181 3580 daemonibus
1207 3526 1255 3600 qni

198 3605 310 3663 deorum
329 3616 356 3663 et
374 3606 532 3664 daemonum
556 3607 688 3665 bonorum
711 3611 887 3687 praesentiam
909 3611 1086 3678 mentiuntur,
1106 3611 1170 3667 hine
1188 3630 1256 3670 sane

196 3689 421 3768 deprehendimus
433 3696 524 3750 statim
536 3692 671 3751 maleficae
683 3695 777 3752 turbae
788 3698 985 3773 scaturiginem,
1003 3695 1075 3753 unde
1086 3696 1154 3754 haee
1165 3698 1255 3752 omniu

197 3779 373 3834 eontrauietas
391 3783 456 3837 oriri
474 3779 553 3837 solet.
599 3779 712 3858 daemon
730 3784 801 3839 enim
819 3782 904 3838 malus
921 3782 1042 3861 pustulat
1065 3803 1079 3838 a
1102 3782 1207 3840 cultore
1223 3791 1256 3838 ut

196 3865 285 3920 benus
303 3865 348 3931 sit,
367 3869 493 3940 quoniam
510 3868 588 3944 fingit
606 3889 636 3925 se
654 3889 716 3925 esse
734 3890 749 3926 e
767 3889 865 3946 genere
883 3890 947 3926 vere
965 3869 1070 3937 divino;
1094 3870 1202 3925 interim
1220 3867 1256 3924 ad

196 3952 297 4008 iniusta
314 3949 458 4018 subservit,
477 3956 601 4027 qnoniam
620 3975 711 4014 revera
736 3955 822 4013 malus
840 3966 890 4013 est
935 3955 1007 4012 idem
1030 3955 1084 4012 diei
1107 3957 1197 4034 possit
1219 3953 1257 4010 de

196 4035 264 4094 falsu
283 4046 311 4092 et
329 4055 394 4093 vere
414 4035 487 4112 quud
503 4037 536 4093 de
554 4039 625 4097 bonu
643 4053 671 4098 et
688 4042 766 4099 malo
813 4041 1034 4120 quemadmodum
1056 4043 1138 4118 igitur
1159 4042 1189 4096 in
1210 4061 1256 4096 va·

198 4124 298 4179 ticinus
316 4122 370 4178 diis
389 4120 530 4178 tribuimus
548 4124 606 4183 sole
624 4147 692 4202 quae
709 4149 772 4187 vera
791 4139 862 4197 sunt,
881 4127 1115 4232 deprehendentes
1127 4146 1194 4184 veno
1207 4125 1256 4182 ali·

197 4207 263 4279 quid
280 4207 366 4265 falsi
358 4228 388 4266 ιιι
405 4205 469 4275 illis,
487 4207 523 4265 ad
540 4208 612 4267 aliud
629 4232 725 4271 οιιιειιε
742 4235 825 4290 genus
844 4235 940 4294 nempe
957 4218 986 4271 in
1005 4215 1152 4272 daemones
1159 4215 1257 4270 reiici-
