2776 4876
125 345 151 407 l,
163 345 196 396 13
1132 349 1182 402 1⁹⁷

126 496 272 575 ίνοίσεως
303 497 555 586 συμφυόμενον.
569 496 691 586 σεμνδν
726 505 819 578 τέλος
848 501 897 568 ἐπ’
923 497 1006 570 άλλο
1041 502 1183 592 ἀπρεπὲς

125 615 303 698 μεταφέρει
325 607 487 696 πλήρωμα
516 610 555 676 τὸ
578 610 699 693 κοινόν,
721 609 807 678 κατά
829 611 946 691 πάθος
968 620 1004 679 ἐκ
1025 616 1182 704 διαφερο-

90 728 233 806 3μίνων
255 743 324 797 πως
346 720 613 812 συμφερόμενον·
637 720 720 805 ύλην
742 748 777 789 τε
792 727 963 791 ἐνδίδωσιν
978 723 1040 815 ἀφ’
1055 729 1183 806 ἑαυτῆς,

124 828 196 911 ἥτις
217 827 412 921 πρόσφορός
434 839 522 900 ἐστιν
547 841 590 911 εὶς
612 831 673 914 τὴν
696 833 777 915 ὅλην
800 840 860 902 τοῦ
881 839 985 903 καλοῦ
1003 843 1136 920 γε’νεσιν,
1159 833 1182 915 ἢ

126 947 172 1028 μή
197 945 354 1028 δεχομένη
377 942 468 1030 παρά
490 949 560 1010 πᾶν
582 943 620 1012 τύ
643 940 747 1011 καλὸν
771 941 791 1025 ἢ
814 946 863 1011 ἐπ’
879 943 966 1013 άλλα
989 944 1070 1013 αύτδ
1085 972 1182 1032 μετα-

91 1051 305 1137 σβάλλσνσα,
336 1051 489 1139 δυνάμεις
511 1081 544 1121 τε
567 1053 693 1133 πολλάς
715 1053 858 1147 φυσικάς
881 1056 1104 1148 διαφερούσας
1126 1063 1181 1143 μί·

125 1186 253 1247 γνυσιν,
282 1163 343 1254 ἀφ’
363 1157 410 1231 ὧν
432 1165 475 1242 ὡς
497 1163 540 1231 aio
562 1172 663 1258 δδίλη
686 1167 771 1235 οὕτω
794 1167 990 1236 κατευθύνει
1016 1166 1077 1247 τάς
1098 1164 1182 1262 πρὸς
1210 1200 1212 1204 ·

126 1273 185 1357 τὴν
213 1281 340 1359 γένεσιν
368 1277 550 1362 συμμίξεις·
585 1277 803 1365 πανταχόθεν
839 1271 899 1347 σύν
933 1279 1191 1366 άποδείκνυμενς

91 1385 168 1466 θὼς
190 1393 226 1453 ta
247 1394 361 1473 τέχνης
388 1383 478 1467 τινὰς
506 1388 724 1474 ἀνθρωπίνης
751 1391 772 1470 ἡ
803 1388 939 1471 τοιαύτη
969 1395 1094 1475 γίνεται
1121 1416 1182 1457 κα·
1267 1379 1273 1404 ’

125 1494 264 1578 τασκευὴ
287 1504 346 1578 τῆς
376 1502 441 1566 τῶν
470 1498 676 1590 ἀφροδισίων
699 1505 902 1586 συμπλοκῆς,
932 1501 1004 1570 ἀλλ’
1025 1503 1083 1568 οὐκ
1112 1501 1180 1570 σἰπό

125 1635 213 1688 τινος
236 1612 410 1696 δαιμονίας
433 1608 455 1690 ἢ
477 1615 578 1689 θείας
599 1610 753 1696 ἀνάγκης.

74 1732 106 1782 12
211 1720 408 1810 Ἐπίσιιεψαι
430 1718 471 1802 δὴ
495 1714 555 1789 οὖν
579 1727 635 1789 καὶ
657 1723 727 1788 κατ’
744 1720 827 1789 άλλο
851 1727 965 1791 αὶτίων
981 1730 1088 1808 γένος·
1112 1726 1181 1803 πῶς
1200 1737 1237 1798 13

125 1837 225 1910 λίθος
239 1830 262 1912 ἢ
275 1829 404 1918 βοτάνη
419 1833 576 1909 πολλάκις
588 1832 688 1924 φύσιν
703 1839 832 1920 ἔχουσιν
846 1834 908 1925 ἀφ’
924 1838 1049 1902 ἑαυτῶν
1060 1840 1180 1926 φθαρ-

125 1940 218 2025 τικὴν
240 1940 261 2024 ἢ
283 1941 384 2009 πάλιν
406 1940 598 2030 συναγωγὸν
627 1948 693 2012 τῶν
721 1951 916 2031 γινομένων·
950 1944 997 2031 μή
1025 1943 1089 2034 γάρ
1122 1945 1181 2014 oria

74 2071 106 2120 15
126 2047 167 2135 ἦν
188 2059 240 2121 ἐπὶ
263 2052 387 2122 τούτων
409 2052 522 2140 μόνων
545 2052 632 2122 ἀλλά
654 2060 710 2124 καὶ
733 2062 786 2124 ἐπὶ
808 2054 964 2141 μειζόνων
986 2062 1043 2124 καὶ
1058 2065 1093 2125 lo
1108 2061 1179 2142 μοί·
1242 2070 1245 2075 ’

125 2170 195 2246 ζοσι
217 2163 390 2254 πράγμασι
413 2165 545 2256 φύσεων
567 2165 588 2246 ἡ
614 2165 735 2255 φυσικὴ
759 2165 843 2247 αὕτη
867 2164 1061 2254 ἐπικράτεια,
1082 2165 1125 2247 ἣν
1147 2174 1179 2235 σί

125 2273 171 2361 μὴ
201 2275 378 2363 δυνάμενοι
407 2279 664 2362 συλλογίζεσθαι
695 2277 766 2363 τογ’
786 2274 828 2344 άν
857 2283 909 2344 ἐπὶ
939 2274 980 2344 τά
1008 2283 1180 2364 κρείττονα

196 2529 220 2578 2.
249 2527 280 2578 τὸ
294 2527 389 2590 κοινόν,
401 2524 486 2594 κατὰ]
500 2527 534 2577 sic
549 2526 618 2577 ΑΟΙ.)
631 2527 728 2589 Feret,
747 2525 818 2577 κατὰ
830 2528 917 2578 κοινὸν
937 2527 970 2576 0.
1044 2527 1067 2577 4.
1096 2524 1180 2595 πρόσ-

197 2610 294 2682 φορος]
313 2608 489 2684 άπρόσφορος
508 2612 572 2664 Gale
584 2627 635 2663 nor.
656 2605 668 2678 ΙΙ
690 2608 752 2678 ὅλην
771 2631 821 2663 ora.
843 2611 921 2662 ACD.
995 2613 1018 2663 λ.
1047 2612 1136 2662 ἐθέλοι
1149 2613 1180 2672 Α,

197 2700 283 2752 cetto
300 2697 328 2750 C.
404 2700 444 2750 12.
473 2701 518 2751 καί
535 2718 585 2750 σεο.
606 2697 637 2751 C.
710 2699 752 2750 14.
779 2695 935 2766 συναγωγὴν
953 2697 986 2750 Ο.
1061 2697 1101 2748 16.
1129 2691 1180 2763 φύ-
1248 2755 1249 2758 ¹

196 2803 260 2843 στας
279 2785 338 2849 lieg.
361 2777 373 2851 ΙΙ
394 2778 479 2852 αὕτη]
498 2784 533 2836 ric
553 2784 610 2846 AD,
637 2778 708 2852 αύτῆ
727 2783 760 2836 0.

126 2999 189 3056 chre
207 3011 234 3055 ct
252 2998 410 3057 naturaliter
428 3002 455 3055 iu
468 2997 631 3075 singularum
643 3000 758 3075 partium
771 3000 869 3054 unione
880 2999 1069 3075 perficiebatur
1081 2996 1115 3053 ad
1126 3017 1180 3052 nou

126 3086 241 3142 debitam
259 3096 287 3141 et
304 3105 469 3142 communem
489 3085 619 3160 quandam
637 3082 764 3139 transfert
780 3083 983 3160 plenitudinem,
1003 3103 1070 3158 quae
1088 3102 1181 3138 seeun-

125 3171 189 3228 dum
207 3176 360 3250 passionem
382 3192 415 3227 ex
433 3170 547 3227 diversis
566 3171 720 3236 conficitur3
745 3171 936 3245 materiamque
958 3168 992 3224 de
1015 3187 1065 3224 suo
1089 3166 1181 3235 tradit,

126 3260 242 3335 ineptam
262 3257 370 3334 quidem
387 3257 422 3313 ad
439 3257 503 3314 boui
521 3259 673 3313 universam
690 3255 904 3334 productionem,
923 3274 956 3310 eo
974 3252 1046 3329 quod
1064 3261 1182 3309 autnon

126 3364 203 3401 omne
220 3346 341 3422 excerpit
359 3343 431 3420 quod
449 3343 549 3399 bosam
566 3353 609 3399 eat
626 3341 742 3400 autulio
761 3362 840 3418 quam
858 3342 978 3418 oportuit
1001 3339 1029 3395 id
1047 3337 1181 3404 transfert,

125 3433 251 3506 viresque
274 3431 371 3487 multas
393 3428 527 3486 naturales
550 3428 695 3506 plurimum
717 3428 786 3484 forte
811 3427 994 3502 discrepantes
1016 3424 1181 3490 commiscet,

125 3537 236 3594 quarum
258 3519 451 3593 temperatione
472 3535 524 3592 pro
546 3517 658 3573 arbitrio
682 3516 716 3573 ad
739 3515 936 3592 generationem
958 3512 1050 3567 utitur.
1099 3508 1181 3565 unda·

125 3622 231 3681 quaque
248 3603 330 3678 igitar
348 3601 523 3670 ostendimus,
543 3603 616 3679 quod
634 3603 668 3660 ad
685 3623 729 3659 res
748 3619 874 3658 venereas
887 3599 1008 3654 incitatio
1020 3606 1048 3653 et
1059 3597 1181 3674 pronitas

125 3687 275 3746 inordinata
293 3687 326 3742 ab
345 3698 402 3744 arte
418 3690 509 3767 potius
527 3689 673 3758 hominum,
691 3709 772 3764 quarn
788 3709 804 3744 a
821 3687 982 3742 necessitate
999 3686 1059 3741 sire
1070 3684 1182 3740 deorum

125 3778 183 3833 sire
202 3774 359 3830 daemonum
377 3776 573 3853 proficiscatur.

198 3859 390 3939 Contemplare
408 3863 488 3917 etiam
506 3859 577 3918 aliud
596 3880 737 3920 causarum
754 3880 851 3936 genus,
876 3859 1009 3935 quomodo
1032 3869 1060 3915 et
1077 3857 1181 3937 lapidea
1200 3861 1237 3922 13

126 3961 153 4005 et
172 3948 270 4005 herbae
287 3968 368 4026 saepe
386 3957 494 4006 naturas
512 3947 626 4003 habeant
643 3947 677 4003 ad
695 3944 897 4003 dissolvendum
914 3945 957 4002 vel
969 3945 1183 4023 congregandam

127 4055 170 4092 res
189 4034 364 4111 generabilem
410 4035 484 4111 atqui
502 4053 556 4089 non
575 4044 617 4090 est
634 4033 686 4090 hoc
704 4052 797 4091 rerum
815 4034 1021 4102 tantuminlris‚
1039 4031 1183 4089 sedetiam

127 4126 154 4178 in
173 4122 319 4179 maioribus
338 4132 395 4178 tum
412 4123 494 4179 rebus
512 4130 570 4177 tum
587 4122 689 4177 nataris
712 4119 848 4177 manifesta
867 4130 909 4177 est
926 4119 972 4176 illa
991 4116 1119 4176 naturalis
1136 4136 1184 4194 po·

127 4220 220 4279 testas,
245 4231 323 4286 quam
342 4214 387 4287 qui
407 4231 461 4268 non
479 4207 585 4266 valeant
603 4207 822 4275 animadvertere,
846 4209 942 4263 mirum
965 4208 993 4262 ni
1010 4223 1092 4282 opera
1110 4213 1185 4262 nata·
