2776 4876
206 343 278 408 &29
1212 343 1262 396 lil

207 499 382 581 ἐνεργείαις
408 493 520 562 ποίντα
547 498 691 562 ἐπιτελεῖ.
737 498 883 562 λείπεται
912 488 971 563 οὖν
1001 494 1149 582 τεχνικὴν
1180 497 1265 566 εἶναι

207 603 247 689 δὴ
272 605 424 693 σύμμιξιν
446 607 507 689 τήν
528 605 685 688 τοιαύτην
700 604 904 687 κατασκευὴν
919 612 993 694 περὶ
1014 603 1052 674 τὸ
1076 612 1264 676 τελευταῖον

171 738 187 788 3
206 724 261 786 καὶ
284 723 463 810 περιφανὲς
484 721 591 806 ῥεῦμα
614 717 770 805 ούροίνιον
786 723 930 806 καὶπερὶ
945 715 988 786 τοὶ
1003 714 1071 785 ont
1087 723 1146 800 τῆς
1161 720 1263 806 ούρα-

206 838 281 910 νίας
304 829 471 922 φερύμενα
495 829 632 922 φύσεως.

244 976 249 981 ’
295 938 358 1010 Ant
380 947 412 1008 τί
435 939 476 1021 δη
500 933 560 1008 οὖν
582 937 683 1018 αὐτὸς
704 947 765 1026 μὲν
788 943 806 1008 ὁ
832 946 939 1008 ταῦτα
955 945 1042 1029 δρῶν
1056 941 1263 1023 είδωλοποιὸς
1280 951 1320 1011 29

173 1050 292 1141 εάνὴρ
315 1049 434 1120 ἑαυτὸν
457 1053 578 1142 ἀφίησι
599 1055 754 1137 βελτίονα
778 1049 860 1120 ὅντα
882 1057 938 1121 καὶ
961 1060 995 1118 ὲκ
1017 1053 1195 1138 βελτιόνων
1209 1082 1262 1141 ye-

207 1163 345 1252 μονότα,
375 1176 445 1243 τοῖς
468 1167 502 1232 δὲ
525 1162 667 1254 ἀψύχοις
690 1162 835 1241 εἰδώλοις
856 1168 913 1230 καὶ
940 1162 1025 1254 μόνη
1054 1171 1093 1256 τῇ
1120 1166 1264 1257 4ὲμφιίσει

208 1283 270 1359 τῆς
293 1280 376 1357 ζωῆς
399 1280 651 1360 ὲπιπνεομίνοις,
672 1276 819 1365 ἁρμονία
842 1301 874 1343 τε
898 1282 1110 1368 ἐπισκευαστῇ
1132 1281 1187 1343 καὶ
1202 1303 1263 1345 πο-

175 1412 190 1462 9
210 1391 326 1456 λνειδεῖ
349 1394 575 1473 συνεχομένοις
597 1386 732 1466 ἔξωθεν,
755 1394 933 1478 ἐφημέροις
954 1412 989 1454 τε
1011 1387 1153 1474 ἀτέχνως
1171 1382 1264 1458 οὖσιν

209 1497 438 1568 ἀποπιστεύειν
460 1502 632 1588 φαίνεταις
662 1495 864 1585 πότεροντὸ
893 1497 1029 1584 γνήσιον
1057 1503 1113 1565 καὶ
1136 1499 1264 1581 ἀληθὲς

209 1618 244 1677 ὲν
259 1611 371 1689 αὐτοῖς
382 1608 537 1697 ὑπάρχεις
560 1608 633 1675 ἀλλ’
651 1608 745 1675 οὐδὲν
760 1613 825 1675 τῶν
840 1607 904 1676 ὑπὸ
919 1610 1137 1697 ἀνθρωπίνης
1152 1617 1265 1698 τέχνης

156 1744 190 1794 12
210 1726 508 1810 σνμπλαττομὲνων
537 1724 702 1808 εἰλικρινές
725 1726 794 1786 ἐστι
821 1724 877 1786 καὶ
905 1720 1072 1810 καθαρόν.
1118 1716 1203 1788 ἀλλὰ
1225 1717 1264 1789 τὰ

209 1832 337 1901 ἁπλοῦν
365 1838 421 1899 καὶ
450 1834 617 1917 μονοειδὲς
638 1835 698 1912 τῆς
721 1835 883 1919 ἐνεργείας
904 1826 928 1912 ἢ
955 1835 1014 1911 τῆς
1042 1829 1121 1913 ὅλης
1144 1831 1265 1900 συστεί-

211 1967 292 2023 σεως
314 1952 349 2011 ὲν
371 1944 484 2021 αὐτοῖς
506 1951 687 2026 ὲπικρατεῖς
716 1937 842 2020 παντὸς
870 1946 930 2029 μὲν
952 1935 1012 2010 οὖν
1034 1945 1150 2010 λείπει·
1179 1939 1265 2010 κατὰ

158 2082 191 2132 lo
209 2051 273 2143 γὰρ
294 2053 355 2137 τὴν
370 2060 576 2146 φαινομένην
591 2051 752 2121 σύνθεσιν
768 2060 802 2120 ἐκ
816 2056 1038 2121 παντοδαπῶν
1053 2060 1108 2122 καὶ
1123 2054 1264 2122 ὑπεναν-

209 2167 288 2234 τίων
299 2165 482 2248 ποιοτήτων
497 2162 758 2255 συμπεφόρηται.
794 2159 882 2231 ἀλλὰ
905 2163 1043 2251 δύναμίς
1057 2192 1107 2243 τις
1121 2165 1265 2257 ἀκραιφ-

209 2281 268 2361 νὴς
289 2283 345 2346 καὶ
360 2281 466 2344 τελεία
489 2272 656 2366 διαφανής
677 2281 765 2342 ἐστιν
788 2282 823 2341 ὲν
844 2274 973 2358 αύτοῖς;
997 2275 1158 2362 οὐδαμῶς.
1196 2283 1266 2345 ἐπεὶ

160 2414 192 2464 18
210 2388 424 2476 πολλαχόθεν
446 2385 620 2468 ὲπίκτητόν
642 2411 674 2453 τι
688 2384 943 2474 συγκεκρότηται
963 2382 1002 2453 τὸ
1018 2392 1167 2455 τοιοῦτον
1182 2392 1266 2471 πλῆ-

283 2531 305 2582 1.
333 2528 460 2600 ἰνερμείας
478 2527 511 2580 0.
533 2520 545 2595 ΙΙ
566 2523 699 2592 λείπεται]
719 2527 821 2593 λέγεται
839 2525 870 2579 Β.
891 2520 903 2595 ΙΙ
925 2517 972 2578 οὖν
991 2547 1042 2578 om.
1061 2527 1094 2579 0.
1167 2530 1192 2580 3.
1221 2531 1266 2580 καί

281 2611 602 2687 nepi1sicAC‚om.0.
674 2613 699 2663 6.
727 2610 837 2678 ἑαυτὸν]
856 2608 899 2664 ἐπ’
913 2607 998 2665 αὐτὸν
1016 2613 1045 2665 C.
1070 2607 1082 2681 ΙΙ
1106 2615 1151 2665 καί
1169 2617 1264 2667 ωειλ.

281 2701 306 2752 8.
334 2696 525 2753 autonomon]
545 2695 585 2764 (εἴ
602 2718 676 2768 snper
695 2696 727 2750 οὗ
746 2698 803 2752 adal.
816 2699 869 2750 aad.
882 2700 963 2764 man.)
983 2702 1013 2750 Α.
1087 2701 1128 2752 11.
1156 2696 1264 2768 αὐτοῖς]

281 2785 388 2850 εἰοΑΙ),
416 2781 510 2844 αἷσαῖς
527 2785 561 2837 0.
583 2779 595 2853 ΙΙ
617 2781 677 2838 οὐδὲ
697 2783 724 2837 C.
799 2786 840 2837 12.
869 2784 1003 2855 εἰλικρινόν
1022 2786 1076 2838 ΑΟ.
1149 2789 1190 2839 17.
1218 2807 1265 2840 πε-

281 2876 338 2925 talu
357 2871 386 2924 C.

212 3012 271 3065 sitis
291 3008 492 3087 operationibus
510 3011 621 3088 peragit.
668 3007 829 3084 relinquitur
846 3010 927 3084 igitur
939 3009 1111 3065 artificiosam
1123 3031 1183 3066 esse
1196 3031 1266 3067 com·
1309 3086 1313 3093 ὁ

211 3098 363 3152 mistionem
381 3098 461 3151 istam
477 3093 613 3152 idolorum
630 3094 756 3152 fabricam
769 3097 839 3151 circa
851 3093 973 3150 ultimum
990 3104 1016 3150 et
1028 3093 1195 3151 manifestum
1208 3117 1265 3152 cao-

211 3182 319 3239 lestium
342 3181 477 3238 defluxum
500 3192 528 3238 et
551 3184 622 3239 circa
644 3203 674 3238 ea
700 3202 766 3259 quae
790 3202 805 3235 a
828 3181 938 3238 caelesti
960 3190 1052 3236 natura
1076 3190 1216 3236 moventur
1238 3192 1266 3237 et

211 3268 348 3325 recedunt.

282 3356 340 3411 Cur
360 3356 440 3431 igitur
462 3354 595 3411 idolorum
619 3355 698 3411 fictor
720 3375 751 3409 se
773 3356 874 3430 ipsum,
898 3373 958 3410 cum
980 3353 1016 3406 sit
1039 3352 1161 3407 omnibus
1184 3351 1265 3408 idolis
1283 3356 1322 3416 29

211 3440 353 3497 melioret
372 3462 405 3497 ex
424 3440 580 3497 melioribus
593 3450 677 3510 ortus,
697 3439 806 3510 deserit,
825 3441 959 3517 idolisque
970 3437 1038 3506 fidit,
1058 3459 1126 3514 quae
1137 3456 1191 3493 non
1203 3448 1266 3494 sunt

211 3529 324 3582 animata
343 3525 392 3580 sed
410 3528 480 3582 vitae
498 3527 611 3603 quadam
629 3529 784 3604 apparentia
808 3526 898 3583 inflata
917 3527 1041 3601 fictaque,
1064 3532 1091 3578 ct
1108 3523 1266 3581 multiformi

211 3613 348 3668 harmonia
368 3613 476 3667 minime
497 3615 601 3667 interna
618 3613 701 3690 idque
719 3613 753 3669 ad
770 3614 853 3669 breve
869 3631 981 3690 prorsus
999 3620 1105 3687 tempus
1124 3613 1263 3668 constanti

211 3708 238 3755 at
256 3697 325 3753 forte
343 3699 485 3772 genuinum
503 3697 569 3774 quid
587 3708 613 3754 et
630 3719 723 3754 verum
741 3701 769 3754 in
787 3701 822 3754 iis
845 3697 1009 3774 reperiatur?
1037 3695 1103 3752 nihil
1122 3697 1195 3773 quod
1213 3700 1266 3754 sin·

212 3805 303 3841 cerum
325 3802 475 3860 purumque
498 3787 536 3839 sit
557 3793 649 3860 potest
670 3785 702 3840 ab
726 3784 838 3840 humana
861 3793 918 3838 arte
940 3783 1083 3860 proficisci.
1135 3794 1162 3839 at
1184 3784 1264 3840 credo

212 3869 370 3947 simplicitas
394 3878 422 3925 et
444 3868 610 3925 uniformitas
634 3871 747 3925 actionis
771 3878 797 3924 et
822 3871 1024 3945 compositionis
1046 3873 1074 3926 in
1100 3872 1135 3926 iis
1162 3869 1265 3927 elucet?

212 3957 280 4013 nihil
297 3956 393 4012 horum
412 3957 536 4011 omnium.
582 3954 684 4011 idolum
702 3956 773 4009 enim
792 3954 922 4010 conflatur
945 3977 978 4012 ex
995 3958 1076 4012 variis
1098 3958 1186 4032 iisque
1205 3976 1266 4013 con-

212 4045 301 4098 trariis
321 4042 501 4119 qualitatibus‚
520 4053 551 4098 ut
568 4051 680 4119 apparet
698 4061 732 4096 cx
750 4042 953 4117 compositione.
1001 4058 1028 4098 at
1039 4042 1108 4098 forte
1118 4043 1265 4120 potentiam

212 4127 293 4184 habet
310 4147 404 4204 puram
423 4138 450 4184 et
467 4128 614 4206 perfectam
626 4130 654 4183 in
666 4148 696 4183 se
709 4128 897 4204 conspicuam?
921 4127 988 4184 nihil
1000 4131 1095 4184 minus.
1141 4130 1265 4203 quoniam

213 4213 276 4271 talis
295 4215 448 4272 defluxuum
466 4213 608 4271 multitudo
627 4214 744 4290 undique
763 4224 883 4292 captatur
896 4226 923 4271 et
935 4217 1122 4272 commiscetur
1133 4223 1266 4289 tamquam
