2776 4876
127 349 198 412 ars
1131 348 1183 402 aar

219 497 279 582 Μὴ
302 497 517 586 ἀτιμοίοωμεν
547 504 658 568 τοίνυν
680 504 726 566 ἔτι
748 503 803 566 καὶ
825 495 876 565 ’τά
906 503 1044 568 τοιαῦτα
1073 509 1182 570 staats.
1203 514 1241 573 16

129 614 172 690 ῶς
200 608 358 688 πολλάκις
387 616 447 692 τῆς
474 615 533 678 τοῦ
561 608 714 697 σώματος
742 618 835 677 ἕνεκα
863 609 1047 695 ἀναγκαίας
1072 619 1184 700 χρείας

93 719 494 808 εδιαπραγματευόμεθοί
522 747 554 788 τι
576 719 659 810 πρός
681 716 758 800 τούς
781 719 923 809 ἐφόρους
947 727 1006 790 τοῦ
1034 721 1185 808 σώματος

128 830 233 912 θεούς
259 837 315 899 καὶ
343 835 507 917 δαίμονας
534 830 706 917 ἀγαθούς·
743 828 815 899 οἷον
843 836 1067 918 καθαίροντες
1102 830 1184 902 αύτὸ

129 942 196 1012 ἀπὸ
226 947 367 1027 κηλίδων
394 946 546 1010 παλαιῶν
568 938 590 1025 ἢ
611 941 720 1010 νόσων
748 941 962 1023 ἀπολύοντες,
990 948 1047 1010 καί
1074 944 1185 1028 ὑγείας

92 1059 329 1143 επληροῦντες
360 1051 383 1136 ἢ
410 1050 450 1122 τό
478 1058 539 1141 μὲν
570 1048 660 1140 βαρύ
687 1058 744 1121 καὶ
773 1049 912 1144 νωθρὸν
942 1053 1185 1134 ἀποκόπτοντες

128 1167 187 1233 ἀπ’
207 1166 318 1247 αὐτοῦ,
340 1162 379 1234 τό
402 1169 436 1234 δὲ
459 1168 587 1254 κοῦφον
608 1168 664 1232 καί
686 1163 889 1253 δραστήριον
911 1166 1001 1251 αύτῷ
1023 1171 1183 1253 παρέχον-

127 1301 190 1358 τες,
214 1274 237 1358 ἢ
259 1277 341 1345 ἀλλο
364 1283 400 1362 γε
422 1300 454 1343 τι
475 1279 541 1343 τῶν
562 1273 695 1342 πόντων
710 1275 855 1362 ἀγαθῶν
872 1275 962 1362 αὐτῷ
976 1274 1184 1365 παρασκευά-

92 1389 246 1468 υζοντες.
284 1385 358 1455 τότε
382 1382 423 1468 δὴ
448 1378 508 1455 οὖν
531 1385 571 1454 ού
592 1385 700 1467 δήπου
721 1390 919 1477 νοερῶςκαλ
941 1386 1124 1474 ἀσωμάτως
1145 1384 1183 1454 τό

128 1503 223 1582 σῶμα
246 1495 561 1589 μεταχειριζόμεθα·
585 1495 626 1564 ού
639 1493 704 1583 γάρ
718 1501 840 1588 πέφυκε
856 1501 922 1565 τῶν
936 1496 1093 1568 τοιούτων
1107 1495 1183 1587 τρό-

127 1633 198 1674 πων
220 1605 259 1675 τό
282 1612 378 1694 σῶμα
399 1613 557 1694 μετέχειν·
581 1610 647 1673 τῶν
669 1610 703 1674 δί
721 1613 885 1692 συγγενῶν
898 1613 1005 1695 ἑαυτῷ
1018 1612 1183 1696 μεταλαγ-

74 1732 110 1783 12
124 1716 239 1806 χάνον,
261 1717 392 1805 οιόμαοι
414 1721 510 1804 σῶμα
533 1715 755 1805 θεραπεύεταί
776 1743 811 1784 τε
832 1724 887 1784 καί
903 1718 1183 1807 ἀποκαθαίρεται.

127 1832 219 1894 ἔσται
242 1824 283 1908 δὴ
306 1821 444 1896 οὖνκαὶ
468 1827 487 1894 ὁ
510 1831 575 1895 τῶν
597 1831 729 1894 θυσιῶν
744 1826 873 1913 θεσμός
888 1833 941 1896 ἐπί
956 1833 1015 1910 τῆς
1030 1827 1183 1912 τοιαύτης

125 1943 238 2028 χρείας
260 1939 294 2022 t}
316 1938 463 2024 ἀνάγκης
485 1937 721 2025 οωματοειδής,
745 1938 788 2006 τά
810 1945 870 2023 μὲν
897 1938 1096 2008 ἀποκόπτων
1118 1943 1183 2007 τῶν

75 2067 110 2117 rt
128 2058 164 2118 ὲν
185 2051 266 2138 ἡμῖν
287 2046 552 2138 περιττευόντων,
581 2046 623 2116 τά
645 2052 679 2117 δὲ
702 2050 904 2135 ἀναπληρῶν
932 2049 998 2118 όσα
1021 2051 1101 2136 ἡμῖν
1130 2054 1182 2118 at·

129 2166 238 2243 λείπει,
265 2158 308 2230 τοί
330 2164 365 2229 δὲ
389 2168 433 2240 είς
455 2165 659 2247 συμμετρίαν
680 2156 771 2246 ἀγων
793 2166 849 2228 καλ
872 2160 964 2243 τάξιν
987 2159 1053 2230 όοα
1075 2165 1182 2247 πλημ-

127 2276 231 2356 μελῶς
258 2270 521 2360 ἐπιτετάρακται·
550 2275 607 2338 καί
629 2269 697 2356 μήν
722 2268 832 2338 πολλά
853 2275 910 2338 καὶ
931 2269 1015 2360 πρός
1042 2269 1103 2339 τόν
1122 2272 1182 2339 ἀν-

76 2393 110 2444 18
128 2381 303 2469 θρῶπινον
324 2386 402 2470 βίον
424 2385 613 2464 ἐπιτηδείων
639 2379 789 2467 δεόμενοι
810 2381 890 2467 ἡμῖν
910 2385 1071 2466 γενέσθαι
1091 2380 1183 2472 παρὰ

128 2496 194 2560 τῶν
212 2493 405 2582 κρειττόνων
416 2498 614 2581 ἱερουργίαις
625 2491 805 2582 χρώμεθα·
828 2497 933 2561 ταῦτα
948 2493 978 2560 δ’
994 2498 1063 2561 ἔστι
1077 2493 1183 2577 δήπου

200 2711 225 2760 7.
252 2703 342 2777 ainai]
361 2703 428 2761 αὐτὸ
447 2707 478 2760 Β.
567 2708 664 2760 ruli.
692 2705 795 2778 τρόπον
811 2707 846 2760 D.
925 2708 966 2760 ll.
982 2709 1023 2760 1².
1049 2711 1182 2779 μεταλαγ-

197 2793 286 2860 χόνυν
305 2792 336 2845 Β.
444 2796 487 2846 12.
515 2791 560 2859 τε]
579 2793 612 2844 sie
633 2792 711 2854 nel),
738 2812 789 2843 om.
807 2792 841 2843 0.
950 2794 989 2845 ld.
1016 2791 1063 2861 τῆς
1080 2814 1132 2847 om.
1152 2797 1182 2846 A.

199 2880 240 2930 lt.
268 2874 445 2949 ἀποκρύπτων
463 2878 494 2931 Β.
574 2880 613 2931 ld.
642 2874 810 2946 ἀναπληροῦν
830 2878 863 2930 0.
935 2880 975 2930 19.
1002 2878 1130 2948 χρώμενοι
1148 2879 1182 2933 0.

199 3083 352 3158 Quinetiam
371 3083 461 3141 stilla
480 3104 533 3140 non
552 3083 745 3140 contemnenda
763 3081 878 3159 amplius
894 3081 1055 3139 adiiciamus.
1101 3103 1183 3161 saepe
1201 3080 1239 3138 ld

128 3172 155 3225 in
175 3172 298 3247 corporis
316 3189 394 3226 usum
411 3172 601 3236 necessarium,
625 3169 678 3225 diis
697 3172 819 3247 eorporis
838 3168 1060 3244 gubernatoribus
1078 3167 1183 3225 daemo-
1221 3191 1226 3222 ι

128 3255 259 3331 tribusque
277 3256 357 3313 bonis
374 3255 477 3333 aliquid
494 3275 621 3313 voremus
640 3265 667 3310 et
685 3274 838 3332 operamur:
859 3272 927 3328 qnos
944 3255 1037 3328 utique
1049 3254 1183 3311 eredimus

127 3360 209 3416 posse
227 3339 295 3398 illud
312 3361 426 3421 purgare
443 3342 477 3397 ab
496 3339 598 3397 inolitis
616 3340 729 3397 maculis
747 3351 776 3397 et
787 3362 801 3396 a
814 3339 915 3395 morbis
927 3337 1050 3406 liberare,
1068 3343 1183 3396 sanitate

126 3425 232 3503 replere
248 3438 295 3484 aut
312 3425 482 3503 gravedinem
500 3438 527 3483 et
544 3437 683 3482 veternum
701 3447 832 3492 amovere,
858 3424 1048 3499 levitatemque
1066 3433 1094 3478 et
1112 3423 1184 3500 agib-

127 3521 208 3567 tatem
231 3515 257 3567 ei
280 3512 425 3580 instillare,
448 3523 494 3569 aut
516 3511 589 3569 aliud
612 3512 727 3590 denique
749 3508 1010 3587 bonumquodlibet
1033 3508 1182 3565 admovere.

127 3598 165 3652 ibi
188 3606 254 3672 puto
280 3597 455 3655 intellectuali
479 3608 507 3654 et
528 3600 687 3677 incorporea
715 3600 817 3655 ratione
838 3614 892 3651 non
915 3605 989 3652 reete
1011 3595 1182 3655 tractabimus

127 3701 234 3759 eorpus.
279 3701 331 3738 neo
349 3685 420 3739 enim
438 3693 530 3761 aptum
545 3695 636 3741 natum
654 3695 696 3740 est
714 3703 827 3760 eorpus,
849 3691 880 3737 ut
897 3679 1050 3737 istiusmodi
1068 3684 1122 3737 ritu
1140 3702 1184 3738 eu-

127 3770 180 3823 rnri
200 3775 292 3842 queat3
310 3767 360 3823 sed
378 3788 439 3824 enm
456 3779 567 3846 cognata
585 3771 639 3827 sibi
651 3766 778 3847 postulat,
797 3775 825 3822 et
841 3767 1000 3844 corporibus
1011 3786 1110 3845 eorpus
1121 3786 1184 3845 pun

127 3863 204 3929 gatur
222 3862 250 3909 et
267 3862 382 3909 curatur.
427 3857 479 3911 orit
496 3857 578 3932 igitur
595 3865 623 3912 et
640 3853 834 3911 sacrificiorum
852 3854 921 3908 ritus
934 3855 960 3908 in
973 3851 1126 3911 huiusmodi
1138 3873 1183 3910 ne-

127 3942 255 3996 cessitate
272 3941 426 3996 necessario
444 3959 605 4019 corporeum
629 3942 666 3995 ita
683 3940 754 3994 enim
771 3937 906 4015 superflua
924 3941 952 3995 in
970 3939 1048 3996 nobis
1066 3949 1183 4016 amputa·

127 4025 177 4091 bit,
196 4024 388 4102 supplebitque
406 4046 475 4103 quae
493 4027 606 4083 deerunt
623 4024 711 4090 nobis,
727 4043 797 4099 qnae
815 4045 880 4081 vero
897 4025 1045 4082 distarrbata
1067 4023 1183 4080 suntad

128 4111 250 4166 ordinem
268 4120 296 4166 et
314 4113 495 4187 symmetriam
513 4113 644 4167 restituet.
690 4111 808 4186 quinimo
826 4131 906 4190 saepe
924 4112 1114 4176 sacrificamus,
1136 4129 1183 4187 po·

127 4207 235 4254 suentes
253 4219 268 4253 a
285 4199 396 4278 superis
411 4200 560 4255 necessaris
579 4197 613 4253 ad
631 4199 714 4254 vitam
731 4197 920 4272 quotidianam,
940 4196 1027 4271 qualia
1040 4204 1104 4249 sunt
1115 4215 1182 4271 qaae
