2776 4876
132 433 139 444 ι
168 357 222 413 τω
1172 361 1226 425 ar

171 517 205 580 δὲ
227 517 282 578 καὶ
306 512 336 578 εἴ
356 535 440 588 τινες
463 509 559 577 ἄλλοι
573 513 640 578 τῶν
654 515 727 601 περὶ
742 507 802 579 τὸν
816 510 943 599 κόσμον
957 509 1123 582 ἅπτονται
1134 513 1226 602 πρό-

169 648 234 690 των
256 626 378 701 αἰτίων,
407 620 467 699 τοὶς
495 625 682 702 τελευταίας
710 618 816 711 ἀργός
845 623 1056 708 ἐξηγοῦνται·
1079 623 1161 692 ὅσοι
1188 651 1227 697 τε

168 729 245 812 τοὺς
266 731 438 815 πλανήτας
460 738 515 800 καὶ
543 730 604 801 τόν
632 730 792 815 ζωδιακὸν
814 733 891 812 τούς
920 759 954 800 τε
983 735 1143 815 dammis
1169 741 1263 806 ussit

170 842 381 930 ὡροσκόαονς
402 849 457 911 καὶ
479 841 556 922 τοὺς
578 848 773 931 λεγομένους
795 843 972 930 reparatoria
986 851 1042 914 καὶ
1056 845 1227 933 ἡγεμόνας

167 953 420 1044 παραδιδόασιν,
443 950 502 1033 τὰς
516 952 674 1044 μεριστός
688 961 753 1023 τῶν
768 955 879 1044 ἀργῶν
896 957 1059 1044 διανομὰς
1074 959 1227 1049 ἀναφαί-

168 1091 270 1135 νονσι.
317 1065 359 1134 τό
383 1092 417 1133 τε
441 1074 476 1133 ἐν
498 1078 569 1144 τοῖς
591 1069 896 1154 Σαλμεσχινιοαιοῖς
917 1075 1018 1160 μέρος
1044 1096 1077 1137 τι
1098 1068 1263 1160 βραχύ-ε

168 1205 270 1246 τατον
299 1187 436 1265 περιέχει
465 1182 530 1244 τῶν
549 1178 734 1267 “.Ερμαϊκῶν
763 1178 958 1260 διατάξεων·
991 1185 1048 1248 καὶ
1074 1177 1118 1246 σοὶ
1148 1187 1227 1269 περὶ

168 1290 313 1377 ἀστέρων
336 1287 358 1370 ἢ
381 1287 516 1380 φάσεων
542 1285 564 1369 ἢ
584 1289 757 1380 spissus,
785 1285 809 1370 ri
837 1288 976 1374 σιωήνης
1003 1289 1173 1373 αὐξήστων
1202 1289 1228 1374 ἢ

166 1399 331 1488 μειώσεων
352 1407 387 1468 ἐν
409 1415 480 1479 τοῖς
495 1397 645 1486 ἐσχάτοις
659 1400 722 1489 εἶχε
736 1399 798 1483 τὴν
812 1401 892 1488 παρ’
908 1407 1102 1487 Αἰγιναίοις
1118 1410 1227 1471 atsto·
1246 1422 1263 1474 t

167 1517 293 1596 λογίαν.
341 1510 464 1601 φυσικοί
486 1537 520 1578 τι
551 1511 590 1579 οὐ
618 1514 768 1596 λέγουσιν
796 1511 881 1580 εἶναι
908 1511 1019 1581 πάντα
1041 1511 1226 1600 Αἰγύπτιοι,

165 1619 252 1688 ἀλλὰ
276 1633 330 1689 καὶ
360 1621 421 1704 τὴν
442 1628 502 1704 τῆς
523 1627 632 1711 ψυχῆς
654 1619 740 1704 ζωὴν
767 1628 823 1690 καὶ
844 1621 907 1705 τὴν
929 1623 1049 1715 νοερόν
1071 1620 1140 1691 aiud
1162 1628 1226 1706 τῆς

166 1731 295 1822 φύσεως
317 1736 540 1822 διακρίνουσιν
563 1733 622 1801 οὐκ
644 1738 697 1801 ἐπὶ
718 1738 779 1803 τοῦ
800 1732 925 1814 παντὸς
938 1735 1044 1823 μόνον
1059 1732 1223 1804 ἀλλὰκαὶ
1247 1755 1278 1804 ta

237 1954 262 2004 1.
289 1952 383 2012 οἵτινες
399 1950 482 2003 ACD.
553 1956 577 2006 2.
604 1968 662 2023 post
679 1957 813 2007 oirimh
836 1954 904 2008 addit
921 1959 953 2009 εἰ.
1024 1957 1050 2009 3.
1078 1952 1225 2021 δενανοδς]

235 2037 334 2105 triginta
351 2058 392 2090 sex
411 2040 529 2100 decanos,
548 2059 561 2090 a
580 2039 691 2092 Firmino
710 2054 734 2092 et
749 2041 935 2110 Hephaestione
952 2055 1113 2106 memoratos,
1135 2061 1164 2094 es
1183 2039 1225 2093 in-

234 2125 412 2196 scriptionibus
438 2124 629 2199 hieroglyphicis
655 2124 760 2177 restituit
787 2127 898 2197 Lepsius.
941 2126 1063 2179 Chronol.
1083 2129 1108 2180 1.
1131 2128 1224 2196 pti.

236 2214 261 2265 4.
292 2211 356 2270 τούς
372 2215 525 2280 λεγομένους
544 2209 702 2282 reparatoris]
727 2212 833 2265 Cabiros
855 2211 896 2264 hic
917 2211 1022 2265 indicari
1044 2211 1127 2265 censet
1144 2213 1223 2264 Rasa.

235 2304 271 2362 ig.
290 2298 382 2349 Glaub.
401 2299 460 2349 Not.
480 2299 539 2350 159.
558 2319 584 2367 p.
596 2297 655 2349 118.
728 2301 752 2350 5.
782 2301 950 2370 παραδόδωσι
966 2300 999 2352 0.
1021 2293 1034 2368 ΙΙ
1054 2313 1112 2368 post
1129 2318 1224 2370 uapore

236 2382 354 2438 διδόασιν
373 2385 395 2434 Α
415 2384 472 2435 εδδ.
491 2386 521 2435 εἰ.
594 2384 616 2436 6.
644 2383 895 2452 Σαλμεσχινιακοῖς]
913 2385 947 2438 sic
962 2385 1008 2437 Bc
1027 2399 1051 2437 et
1068 2385 1222 2455 Hephaestio

235 2472 301 2540 apud
321 2469 471 2522 Salmasium
489 2470 520 2520 ‹le
537 2468 609 2521 annis
620 2468 687 2519 elim.
702 2469 762 2533 605,
788 2481 966 2537 μεσχινιακοῖς
978 2471 1047 2538 (add.
1060 2470 1143 2541 prima
1152 2492 1222 2523 man.

235 2557 261 2607 in
280 2576 356 2622 marg.
380 2554 449 2619 σαλ)
471 2555 509 2620 D,
536 2558 736 2624 σαλαμινιακοῖς
759 2559 795 2620 Α,
823 2560 1052 2627 σαλμενισχιακοΐς
1073 2557 1173 2610 codices
1194 2557 1220 2609 in

235 2642 308 2694 Galei
318 2639 382 2692 notis
390 2642 465 2706 citati,
492 2637 683 2712 ἄλμενικιοκοῖς
695 2662 780 2708 margo
792 2640 824 2705 B,
843 2639 1068 2714 Ἇλμενισχιακοῖς
1086 2644 1151 2696 Gale
1160 2659 1220 2706 not,

232 2724 435 2797 ’Λλμενιχιακοῖς
454 2728 478 2781 0
501 2748 557 2780 cum
577 2725 718 2800 Porphyrio
741 2730 810 2798 apud
828 2729 964 2782 Eusebium
987 2751 1024 2800 pr.
1045 2750 1082 2782 ev.
1107 2731 1131 2793 3,
1151 2733 1176 2793 4,
1196 2731 1218 2781 1.
1311 2749 1315 2758 ·

235 2833 261 2882 p.
272 2814 323 2864 102
342 2808 427 2874 Heio„
450 2814 478 2864 in
495 2813 667 2878 salaminiacis‚
685 2813 799 2879 Ficinus3
821 2817 852 2867 de
874 2831 957 2890 etymo
981 2817 1123 2888 aegyptiaco
1146 2815 1219 2868 huius

235 2897 300 2950 vocis
318 2918 332 2948 a
348 2898 490 2949 Jablonskii
507 2898 615 2951 sollertia
632 2899 816 2969 praetermissae
828 2900 864 2952 nil
876 2916 977 2955 constat.
1016 2901 1155 2955 Salmasius
1172 2902 1189 2955 l.
1202 2903 1218 2953 l.

233 2982 355 3055 persicam
373 3004 423 3035 esse
440 3004 525 3036 vocem
543 2984 668 3054 perhibet,
690 2987 723 3038 ab
743 2987 868 3040 Arahibus
886 3002 1004 3041 mutatam
1023 2988 1051 3040 in
1068 2986 1215 3042 hlmanaoh.

234 3075 263 3124 cf.
282 3071 356 3122 etiam
375 3072 479 3124 Salmas.
497 3072 634 3141 prolegom.
653 3073 685 3123 ad
703 3070 827 3125 Solinum.

163 3271 227 3326 lieet
246 3270 334 3346 lingua
352 3290 433 3346 saepe
455 3280 563 3325 utantur
581 3268 745 3325 Graecorum
768 3271 1005 3348 philosophorum,
1029 3293 1090 3329 nam
1112 3294 1128 3328 a
1151 3274 1219 3328 viris

163 3356 353 3436 philosophiae
370 3359 466 3433 peritis
485 3356 613 3412 translata
637 3367 699 3412 sunt
721 3378 754 3413 ex
776 3356 863 3433 lingua
882 3359 1052 3436 Aegyptiace.
1098 3355 1221 3414 Chaere·

162 3465 224 3500 mon
243 3465 307 3500 sane
326 3453 353 3499 et
371 3453 502 3520 quotquot
520 3442 565 3497 alii
577 3453 687 3519 tangant
698 3463 792 3500 eausas
804 3462 892 3499 rerum
904 3445 1093 3500 mundanarum
1103 3446 1219 3521 primas,

162 3534 328 3609 principatus
348 3532 456 3586 infimos
475 3529 644 3586 describunt:
664 3533 793 3605 quivero
813 3531 848 3586 de
857 3527 1095 3608 planetis'rodiaoo
1106 3530 1219 3586 decanis

162 3616 322 3694 horoscopis
341 3626 370 3672 et
381 3618 539 3694 potentibus
552 3615 639 3671 stellis
652 3626 680 3672 et
692 3615 805 3672 ducibus
818 3625 940 3684 tractant,
958 3616 1134 3694 particulares
1145 3619 1219 3693 prin·

163 3703 297 3779 eipatuum
315 3702 463 3759 divisiones
482 3703 634 3759 ostendunt.
682 3720 765 3779 porro
780 3719 851 3778 quae
865 3703 999 3758 habentur
1014 3707 1044 3760 ‘in
1054 3702 1220 3759 Salmesohi·

161 3790 245 3844 niaois
262 3799 365 3865 partem
384 3792 504 3866 exiguam
519 3791 743 3847 constitutionum
761 3789 971 3848 Hermetiearum
983 3792 1130 3846 continent
1171 3789 1219 3845 do

161 3877 243 3950 nique
262 3893 329 3949 quae
342 3874 381 3929 'de
398 3875 536 3932 stellarum
554 3887 615 3931 ortu
632 3887 660 3931 et
679 3895 785 3943 occasu,
810 3897 877 3952 quae
895 3878 929 3933 de
947 3877 1026 3933 lunae
1043 3879 1220 3934 incrementis

162 3971 189 4018 et
207 3960 373 4017 detrimentis
392 3962 524 4030 feruntur,
549 3965 577 4017 iu
595 3965 738 4039 postremis
760 3972 908 4019 tractantur
929 3964 962 4019 ab
981 3965 1137 4040 Aegyptiis,
1160 3983 1220 4018 eau-

161 4065 304 4122 sammque
322 4047 528 4120 assignationem
544 4047 651 4105 habent.
700 4049 749 4105 sed
767 4069 817 4106 nee
834 4051 923 4105 omnin
941 4049 1069 4127 Aegyptii
1088 4048 1220 4106 naturalis

162 4155 222 4190 esse
239 4133 340 4200 dieunt,
359 4150 421 4186 nam
439 4133 521 4186 vitam
540 4135 680 4190 animalem
699 4146 726 4190 et
743 4134 953 4192 intellectualem
964 4157 979 4191 a
990 4135 1107 4191 naturali
1120 4135 1222 4193 disoen

162 4229 228 4274 nunt
245 4238 300 4274 non
317 4218 405 4275 solum
423 4220 452 4274 in
470 4216 569 4272 mundo
587 4220 636 4274 sed
653 4223 734 4277 etiam
752 4225 780 4278 in
798 4223 889 4278 nobis:
909 4231 1024 4278 mentem
1043 4232 1071 4278 ot
1086 4224 1222 4280 rationem
