2776 4876
80 302 93 315 '⁸
156 345 206 411 na
1154 349 1208 404 aaa

79 348 153 527 ρ

83 506 117 605 ἦ
155 503 291 568 πλείονα
315 498 439 569 τούτων
461 503 658 568 ἐνδείκνυται
686 497 723 567 τό
752 505 993 571 ναυτίλλεσθαι
1022 501 1126 571 αὐτόν
1155 509 1207 571 tin

87 656 106 688 .‚
155 614 281 678 πλοίου.

241 721 329 789 Ἐπεὶ
352 725 386 790 δὲ
408 727 464 790 καὶ
485 726 563 789 πᾶν
575 720 693 808 μόριον
720 727 780 790 τοῦ
802 724 946 814 οὐρανοῦ
974 728 1031 791 καὶ
1058 728 1126 791 πᾶν
1148 723 1207 805 ζά-
1224 735 1244 793 3

81 840 113 942 d
144 837 228 901 διον
249 838 305 901 καὶ
327 838 421 901 πᾶσα
443 840 502 902 τοῦ
525 833 670 923 οὐρανου
692 832 783 924 φορά
805 839 861 902 καὶ
882 840 948 912 πᾶς
967 831 1095 922 χρόνος,
1118 835 1201 902 καθ’

80 938 109 1040 ζ’
155 941 195 1012 δν
218 955 354 1013 κινεῖται
377 946 395 1012 ὁ
418 943 552 1031 κόσμος,
582 949 637 1013 καὶ
665 944 775 1013 πάντα
805 943 848 1013 τά
877 954 911 1014 ἐν
940 956 1010 1024 τοῖς
1038 943 1128 1026 ὅλοις
1156 950 1207 1014 δέ·

81 1040 136 1147 {530
150 1080 268 1143 χονται
291 1055 357 1122 ἀπὸ
380 1062 439 1123 τοῦ
460 1056 556 1136 ἡλίου
578 1053 755 1137 κατιούσας
777 1055 938 1146 δυνάμεις,
961 1055 1022 1136 τάς
1043 1061 1102 1143 μὲν
1125 1081 1207 1145 συμ-

152 1169 355 1254 πλεκομένας
369 1168 483 1246 αὐτοῖς
498 1169 558 1246 τάς
575 1170 609 1234 δὲ
624 1169 683 1248 τῆς
698 1170 880 1256 συμμίξεως
901 1169 1010 1237 αὐτῶν
1023 1169 1206 1256 ὑπερβεβη·

94 1272 97 1280 ¹
154 1283 256 1359 κυίας,
279 1282 458 1411 παρίστησι
473 1283 529 1347 καὶ
545 1277 668 1359 ταύτας
683 1306 701 1347 ο
691 1277 916 1380 neowan
931 1278 1055 1374 τρόπος
1068 1286 1129 1363 τῆς
1147 1304 1206 1411 σχ-

79 1402 89 1485 ξ
120 1403 135 1455 t
152 1394 284 1503 μασίας,
300 1416 338 1457 το
327 1386 668 1478 σχηματιζεσδαι
628 1417 653 1476 μ
669 1415 784 1458 νκατα
773 1387 915 1472 ζάδιον
927 1397 984 1459 καὶ
995 1389 1055 1470 τάς
1071 1388 1207 1482 μορφάς

153 1472 302 1587 ἀμείβειν
324 1501 448 1568 καθ’
429 1499 519 1588 ω’ραν
541 1512 611 1579 τοῖς
632 1499 758 1589 ῥήμασι
780 1505 942 1588 διασημαί
943 1527 1016 1582 νων,
1046 1501 1206 1571 ἐνδεικνύ-

152 1636 252 1699 μενος
282 1615 316 1679 δὲ
339 1607 400 1693 τὴν
423 1609 657 1697 ἀμετάβλητον
678 1612 782 1680 αὐτοῦ
809 1638 865 1680 και
894 1616 1044 1682 ἑστῶσαν
1069 1618 1125 1680 καὶ
1147 1614 1227 1682 ἀν-

101 1732 136 1784 12
152 1728 320 1792 ίκλειπτον
341 1727 398 1791 καὶ
421 1721 506 1808 ὁμοῦ
527 1727 641 1789 πᾶσαν
662 1728 718 1790 καὶ
741 1722 880 1812 ἀθρόαν
896 1731 941 1801 είς
957 1721 1037 1792 ὅλον
1052 1720 1112 1791 τόν
1127 1722 1206 1792 κόσ-

152 1859 217 1922 μον
240 1833 343 1902 δόσιν.
389 1832 461 1900 ἀλλ’
482 1837 550 1899 ἐπεὶ
578 1831 622 1900 τά
650 1832 810 1920 δεχόμενα
839 1831 926 1902 ἀλλα
955 1833 1105 1923 ἀλλαχοῦ
1132 1839 1206 1923 περὶ

152 1942 214 2027 τὴν
236 1944 412 2034 ἀμέριστον
435 1940 528 2011 δόσιν
549 1950 610 2012 τοῦ
632 1948 717 2013 θεοῦ
740 1953 883 2040 φέρεται,
905 1950 961 2013 καὶ
978 1943 1064 2014 αὐτά
1079 1950 1206 2034 δέχεται

100 2071 134 2122 15
152 2059 332 2133 πολυειδεῖς
367 2053 521 2140 δυνάμεις
555 2053 622 2123 ἀπὸ
656 2059 717 2123 τοῦ
745 2057 840 2138 ἡλίου
875 2054 960 2123 κατά
995 2053 1055 2136 τάς
1085 2063 1206 2136 οἰκείας

152 2170 277 2234 ἑαυτῶν
300 2164 417 2256 φοράς,
441 2161 496 2232 διά
518 2170 616 2233 τοῦτο
630 2164 786 2252 βούλεται
807 2172 866 2252 μὲν
889 2167 910 2248 ἡ
934 2165 1116 2254 συμβολικὴ
1133 2172 1204 2235 δια-

153 2275 233 2365 δοχὴ
256 2272 312 2344 διά
334 2281 393 2343 τοῦ
413 2273 568 2356 πλήθους
588 2279 654 2344 τῶν
676 2279 848 2344 δοθέντων
875 2274 935 2344 τὸν
957 2285 1015 2345 ἕνα
1038 2277 1125 2346 θεὸν
1147 2287 1205 2365 ἐμ-

99 2403 134 2455 18
152 2393 298 2480 φαίνειν,
332 2392 388 2454 καὶ
415 2382 470 2452 διά
499 2391 564 2454 τῶν
591 2385 805 2476 πολυτρόπων
835 2385 1006 2473 δυνάμεων
1033 2386 1095 2470 τὴν
1123 2393 1204 2476 μίαν

152 2499 257 2568 αὐτοῦ
278 2495 482 2589 παριστάναι
496 2495 651 2586 δύναμιν·
676 2495 728 2566 διό
742 2503 799 2566 καί
813 2520 917 2589 φησιν
931 2496 1035 2568 αὐτὸν
1050 2509 1107 2571 ἕνα
1123 2499 1206 2568 εἶναι

223 2712 265 2763 10.
294 2704 416 2779 ἀμοίβειν
433 2709 466 2762 0.
566 2710 660 2763 16.17.
690 2709 804 2778 διαγωγὴ
824 2709 888 2762 Gale
906 2725 971 2773 not.;
996 2731 1026 2763 an
1045 2706 1157 2778 διδαχήί
1174 2711 1204 2760 cl.

220 2796 285 2848 infra
304 2798 328 2860 7,
341 2798 366 2848 4.
449 2798 490 2848 17.
503 2797 543 2850 18.
571 2799 700 2866 ἐμβαίνειν
720 2797 750 2858 Α,
777 2799 906 2863 ἐμβαίνειν
919 2795 1155 2868 (commonuisses)
1175 2795 1203 2848 C.

151 3001 311 3059 indivisibili
329 3005 444 3080 inspirat
462 3023 563 3060 causas.
611 3002 677 3058 baec
696 3005 777 3080 igitur
795 3014 822 3059 et
840 3003 890 3059 alia
909 3002 1102 3081 quamplurima
1117 3013 1205 3059 osten·

152 3088 252 3146 duntur
268 3110 318 3167 per
336 3081 429 3146 navem
448 3109 526 3166 quam
545 3092 568 3144 is
587 3088 724 3165 gubernet.

222 3175 355 3248 Quoniam
373 3194 438 3230 veno
457 3194 549 3230 omnes
568 3174 635 3231 caeli
653 3185 744 3252 partes
763 3186 789 3232 et
801 3178 889 3231 omnia
901 3175 1002 3230 zodiaci
1015 3177 1099 3249 signa,
1117 3175 1204 3230 omnis
1221 3174 1242 3232 3

150 3263 214 3315 item
233 3259 299 3316 caeli
317 3270 405 3316 motus
423 3270 589 3339 tempusque,
609 3261 755 3317 seeundum
773 3262 845 3338 quod
864 3261 977 3316 mundus
996 3263 1055 3336 ipse
1073 3269 1204 3327 movetur,

151 3355 246 3402 eunota
265 3345 379 3424 denique
398 3367 465 3423 quae
484 3351 654 3403 continentur
671 3350 699 3402 in
717 3349 791 3416 totis,
810 3349 881 3404 vines
901 3368 915 3401 a
933 3345 992 3401 sole
1010 3345 1204 3401 descendentes

151 3434 297 3510 accipiunt,
321 3432 386 3489 alias
406 3434 513 3509 quidem
531 3436 684 3489 commistas
702 3436 770 3511 ipsis
793 3432 859 3488 alias
882 3431 1205 3487 autemcommistionem

151 3529 318 3595 superantes,
341 3519 402 3574 ideo
425 3519 473 3574 has
493 3539 600 3596 quoque
617 3519 782 3595 symbolicos
801 3517 967 3595 significandi
985 3515 1081 3572 modus
1099 3535 1204 3592 reprae-

150 3613 253 3671 sentat,
271 3603 355 3658 solem
374 3606 520 3661 seeundum
539 3607 641 3662 zodiaci
661 3609 735 3682 signa
752 3606 873 3682 figurari,
896 3615 923 3660 et
940 3603 1038 3658 formas
1057 3610 1158 3656 mutare
1176 3602 1204 3656 in

147 3689 229 3745 boras
248 3689 415 3765 significans3
438 3693 539 3746 interea
557 3712 622 3748 vero
641 3693 808 3748 demonstrat
830 3688 1020 3746 immutabilem
1039 3691 1124 3766 ipsius
1142 3708 1204 3744 eon·

152 3786 267 3832 stantem
285 3785 313 3830 et
330 3775 528 3832 indeficientem
550 3776 683 3855 simulque
705 3787 788 3833 totam
812 3797 861 3854 per
878 3786 965 3832 totum
989 3774 1115 3830 mnndum
1134 3794 1204 3851 eom7

150 3863 362 3918 municationem.
409 3865 534 3938 quoniam
557 3884 587 3919 ea
610 3884 678 3940 quae
695 3863 890 3940 recipiunt'dei
908 3862 977 3917 dona
999 3861 1127 3930 indivisa,
1151 3859 1203 3917 alio

150 3958 230 4025 atque
248 3948 300 4004 alio
319 3947 399 4004 modo
418 3969 448 4004 se
466 3949 501 4004 ad
519 3968 580 4005 eum
596 3949 703 4015 habent,
727 3969 757 4004 ea
775 3947 890 4025 proinde
907 3951 979 4006 iuxta
991 3949 1131 4026 proprium
1143 3968 1204 4023 oap-

149 4044 206 4090 tum
228 4035 261 4089 ab
284 4037 344 4112 ipso
369 4033 428 4091 sole
451 4037 607 4091 varietatem
630 4044 793 4112 potestatum
814 4037 962 4112 accipiunt,
985 4044 1128 4113 propterea
1145 4030 1204 4087 volt

149 4119 298 4197 symbolica
317 4121 439 4179 doctrina
457 4143 507 4198 per
518 4120 714 4177 multitudinem
727 4119 856 4177 donorum
868 4141 948 4177 unum
961 4120 1039 4177 deum
1051 4116 1203 4187 ostendere,

149 4217 178 4264 et
195 4227 244 4286 per
261 4217 316 4264 tam
333 4210 422 4267 varias
445 4209 478 4264 ab
496 4211 556 4285 ipso
575 4217 724 4285 potestates
746 4209 831 4285 ipsius
850 4211 955 4265 unicam
979 4207 1057 4262 nobis
1080 4201 1202 4280 probare.
