2776 4876
195 325 248 379 104
1196 316 1249 382 λι

193 480 331 566 ζομένου
352 501 386 544 τε
408 483 443 543 έν
465 477 512 560 τῷ
534 479 667 542 εἰσιέναι
688 479 744 542 καὶ
765 479 1014 562 περικεχυμένον
1030 470 1250 559 πανταχόθεν

193 585 273 657 ἄνευ
299 584 388 665 τινὰς
416 590 563 679 έπαιγῆς,
598 583 783 673 θαυμαστά
811 610 845 652 τε
874 589 954 673 έργα
983 583 1251 672 ἀπεργαζομένον

192 699 275 790 πρὸς
296 694 494 784 ἀπαλλαγὴν
516 700 641 764 παθῶν
663 701 772 785 ψυχῆς
793 720 827 763 τε
848 701 905 763 καὶ
927 693 1090 781 σώματος.
1128 690 1283 761 attona

191 813 226 879 rt
248 811 359 903 φωτὸς
381 806 632 898 ἐπιλάμψαντος
655 811 809 896 λαμπροῦ
831 811 887 874 καλ
903 806 1063 896 ἡρεμαίου
1077 811 1250 891 κατέχεται
1294 881 1301 885 ,

190 924 251 1008 μέν
273 920 294 1002 ἡ
316 925 382 988 τῶν
404 920 597 1012 ὀφθαλμῶν
623 914 716 1006 ὄψις,
746 916 884 1005 συμμύει
912 943 962 997 τε,
991 916 1249 1003 ἀναπεπταμένη

189 1035 251 1118 μὲν
272 1023 357 1099 οὖσα
378 1029 554 1120 πρότερον·
577 1036 612 1097 αἱ
636 1030 665 1096 δ’
685 1026 785 1097 ἄλλοι
807 1027 982 1112 αἰσθήσεις
1004 1031 1284 1116 διεγηγερμέναιθ

192 1139 398 1230 τυγχάνουσι,
420 1146 477 1210 καὶ
498 1139 786 1209 συναισθάνονται
809 1145 878 1219 πῶς
901 1149 946 1221 εἰς
967 1136 1005 1207 τὸ
1028 1144 1103 1229 φῶς
1123 1145 1156 1206 οἱ
1171 1142 1250 1206 θεοὶ

193 1257 422 1345 έκφαίνονται,
450 1250 515 1319 ὅσα
537 1276 572 1319 τε
595 1255 744 1337 λέγουσιν
766 1252 922 1320 ἀκούουσι
949 1258 1006 1319 καὶ
1035 1247 1099 1318 ὅσα
1129 1251 1249 1340 δρῶσιν

190 1364 284 1432 ἰ’σασι
306 1366 638 1452 παρακολουθοῦσαι.
1267 1370 1283 1420 ⁰

284 1472 492 1562 Τελειότερον
519 1473 549 1541 δ’
569 1478 616 1541 έτι
643 1476 738 1541 τοῦδε
768 1476 959 1562 θεωρεῖται,
989 1470 1087 1553 ἡνίκα
1116 1464 1159 1538 tir
1193 1474 1250 1537 καὶ

189 1584 211 1666 ἡ
242 1581 321 1673 ὄψις
352 1588 456 1678 βλέπῃ
484 1589 540 1652 καὶ
574 1583 593 1652 ὁ
621 1587 699 1662 νοῦς
728 1591 909 1674 ἐρρωμένος
937 1585 1154 1673 ἐπακολουθῇΙ
1180 1593 1251 1659 τοῖς

191 1697 378 1784 δρωμένοις,
400 1699 527 1777 κίνησίς
541 1720 576 1762 τε
591 1698 657 1761 τῶν
671 1693 891 1783 θεωρούντων
906 1689 1104 1785 συνυπάρχρ.
1143 1695 1250 1760 ταῦτα
1268 1696 1302 1748 12

194 1803 236 1887 δὴ
261 1797 321 1872 οὖν
343 1809 491 1873 τοσαῦτα
514 1801 596 1872 ὅντα
618 1809 674 1872 καὶ
696 1802 782 1872 οὕτω
804 1803 953 1896 διάφορα
976 1803 1086 1872 οὐδενὶ
1108 1807 1173 1870 ταῖν
1192 1802 1250 1870 ἀν-

192 1920 376 2008 θρωπίνων
396 1923 604 2006 προσέοικεν·
628 1914 701 1982 ἀλλ’
722 1912 741 1981 ὅ
764 1940 798 1982 τε
820 1913 922 1994 ὕπνος
937 1919 993 1982 καὶ
1008 1914 1028 1997 ἡ
1044 1910 1168 2002 κατοχὴ
1183 1918 1249 1981 τῶν

191 2025 352 2114 ὀμμάτων
373 2031 429 2094 καὶ
452 2027 473 2109 ἡ
495 2024 586 2115 κάρῳ
607 2020 799 2117 προσφερὴς
812 2024 999 2114 κατάληψις
1019 2030 1075 2093 καὶ
1090 2024 1111 2107 ἡ
1126 2021 1250 2110 μεταξὺ
1268 2034 1301 2085 15

185 2140 250 2205 ’τοῦ
271 2135 376 2207 ὕπνον
397 2162 432 2205 τε
453 2142 510 2206 καὶ
531 2140 591 2219 τῆς
605 2134 828 2227 ἐγρηγόρσεως
842 2135 1045 2215 κατάστασις
1058 2141 1115 2204 καὶ
1136 2136 1157 2218 ἡ
1174 2133 1249 2226 ἄρτι

190 2249 423 2340 ἀνεγειρομένα
446 2246 468 2330 ἢ
491 2250 512 2331 ἡ
535 2245 698 2329 παντελὴς
721 2246 913 2338 ἐγρήγορσις
935 2248 1046 2315 πάντα
1074 2247 1157 2342 θεῖοί
1180 2255 1250 2315 ἐστι

264 2472 290 2523 2.
317 2464 548 2540 ολπεργαζομένου]
568 2468 602 2521 εἰσ
620 2471 652 2534 Α,
680 2463 894 2540 ἀπεργαζομένης
913 2472 947 2523 0.
1058 2473 1083 2522 5.
1111 2483 1167 2538 post
1186 2465 1248 2534 ὄψις

264 2554 335 2607 ACD
355 2556 451 2608 addunt
468 2558 522 2608 nat.
606 2556 630 2606 6.
657 2559 703 2623 μὲν
722 2575 772 2607 om.
792 2556 849 2609 AD.
934 2558 973 2610 101
1002 2552 1092 2621 τοῦδε]
1111 2553 1194 2607 τοῦτο
1214 2556 1247 2607 0.

262 2644 304 2694 11.
332 2645 412 2711 βλέπῃ
431 2640 516 2705 ACD,
542 2643 629 2706 βλέπει
647 2642 681 2693 0.
703 2635 715 2708 ΙΙ
735 2640 891 2714 1ρρωμένος]
915 2640 950 2692 sie
968 2646 1005 2704 Α,
1032 2643 1191 2712 ἐρρωμένους
1215 2641 1248 2702 Ι),

261 2725 386 2798 ἐρώμενος
404 2727 438 2781 0.
459 2721 472 2794 ΙΙ
492 2725 665 2795 ἐπακολουθοῖ
684 2725 764 2791 Act),
792 2729 972 2781 ἐπακολουθεῖ
991 2726 1024 2799 0.
1116 2729 1157 2780 12.
1185 2745 1248 2780 συν-

261 2813 367 2884 υπάρχη
377 2813 430 2875 AC,
448 2809 655 2883 συνυπάρχειΟ.
712 2813 754 2864 14.
782 2810 949 2884 προσέοικεν]
963 2811 998 2864 sic
1008 2812 1043 2877 D,
1061 2819 1205 2884 προσέοικεν
1215 2814 1247 2876 Α,

259 2901 389 2969 προσέηκε
409 2897 438 2961 C,
467 2902 604 2968 προσέοικε
623 2898 656 2950 Ο.
730 2900 771 2950 15.
800 2898 985 2969 προσεμφερὴς
1004 2897 1083 2950 Act).

189 3143 277 3204 tactu,
302 3155 438 3213 operaque
455 3145 575 3214 praestat
597 3137 708 3193 mirifica
734 3137 768 3193 ad
788 3139 930 3215 passiones
952 3139 1054 3192 animae
1075 3146 1103 3192 et
1125 3140 1248 3214 corporis

188 3222 401 3298 restinguendos.
450 3221 592 3299 aliquando
612 3242 676 3278 vero
695 3223 785 3280 lumen
808 3222 940 3299 liquidum
962 3233 990 3280 et
1006 3221 1180 3299 tranquillum
1198 3221 1248 3280 ful-

187 3315 239 3382 get,
265 3306 316 3362 sub
335 3327 389 3383 quo
406 3310 482 3365 visus
500 3309 636 3365 detinetur
654 3320 681 3365 ct
699 3311 826 3366 connivet
843 3318 920 3364 antea
937 3307 1058 3386 patulus;
1081 3307 1127 3365 alii
1144 3312 1246 3366 interea

187 3412 283 3449 sensus
302 3397 453 3472 experrecti
475 3405 552 3463 sunt,
580 3399 834 3473 persentiscuntque
857 3394 964 3471 quando
989 3395 1026 3451 dii
1049 3395 1189 3452 manifesto
1214 3415 1246 3451 se

187 3480 343 3548 ostendunt,
367 3491 394 3536 et
412 3501 480 3558 quae
501 3481 648 3559 loquuntur
666 3491 799 3557 aguntque
821 3491 999 3538 concurrente
1017 3481 1246 3539 animadversione

186 3566 349 3642 percipiunt.¹

257 3648 404 3708 Perfectius
424 3663 512 3709 autem
530 3653 560 3709 id
578 3662 664 3709 totum
683 3651 853 3721 discernitur,
874 3653 980 3730 pando
998 3664 1027 3710 et
1043 3656 1117 3710 visus
1130 3656 1246 3731 percipit

187 3739 214 3792 ct
232 3734 384 3793 intellectus
403 3740 592 3795 corroboratus
611 3759 679 3816 quae
695 3739 765 3794 fiunt
782 3741 947 3815 assequitur,
972 3749 999 3796 et
1016 3739 1097 3796 simul
1122 3742 1168 3816 qui
1186 3760 1247 3817 spe·

187 3831 261 3878 stam
273 3819 430 3879 afficiuntur.
478 3835 551 3881 tanta
569 3836 677 3902 tamque
689 3824 839 3882 differentia
852 3828 954 3882 somnia
965 3826 1038 3882 haud
1049 3836 1115 3904 puto
1132 3825 1246 3882 humana

186 3917 263 3964 sunt:
283 3905 332 3962 sed
350 3905 397 3962 ille
415 3927 524 3966 somnus
543 3921 570 3967 et
589 3911 660 3987 quod
679 3912 716 3966 ita
735 3911 807 3969 oculi
825 3922 974 3982 teneantur,
993 3923 1021 3969 et
1033 3932 1095 3970 caro
1109 3915 1186 3989 quasi
1198 3932 1246 3990 op-

186 3994 345 4071 primamur,
370 4002 397 4048 et
415 3994 489 4069 quod
506 3998 546 4052 sic
564 3997 646 4054 medii
664 4001 748 4055 simus
767 4001 837 4055 inter
855 4019 977 4056 somnum
1000 4009 1028 4056 et
1045 3998 1175 4076 vigiliam,
1200 3999 1245 4055 rei

188 4079 260 4154 quod
278 4089 324 4135 aut
341 4099 429 4158 paene
448 4082 656 4158 expergefiamus
669 4083 712 4140 rel
725 4087 805 4143 etiarn
818 4085 890 4162 quod
902 4087 1018 4155 omnino,
1037 4087 1125 4141 omnia
1136 4087 1246 4162 inquam

187 4164 240 4220 ista
258 4175 320 4224 sunt
338 4165 429 4224 diviua
448 4175 475 4222 et
487 4165 521 4222 ad
533 4165 600 4222 deos
612 4170 799 4248 suscipiendos
811 4171 1017 4240 accommodata,
1035 4173 1117 4229 immo
1129 4171 1163 4228 ab
1176 4173 1245 4249 ipsis
