2776 4876
173 320 226 374 318

173 481 357 552 παραλίάξεως
375 483 454 539 θείας
471 479 587 550 116,16,

173 566 361 637 παραλλάττον
378 567 422 630 54,
438 567 478 619 16.

173 652 395 723 παραλλάττοντα
430 656 474 704 καὶ
514 656 673 726 πρωτουργοὶ

208 744 283 792 αἴτια
303 739 361 803 123,
375 739 399 790 7.
409 737 435 790 8.

172 822 325 895 παράλογος
342 823 386 888 29,
399 825 424 876 5.

173 911 329 983 παραλόγως
349 911 408 976 183,
421 913 445 963 5.

172 1003 338 1069 παραμυθία
365 1001 424 1069 περί
453 995 500 1064 τῆς
527 1001 674 1070 θρησκείας

206 1085 251 1149 38,
264 1084 291 1137 9.

172 1170 414 1242 παραμυθούμενοι
441 1167 530 1242 πράως
556 1174 602 1222 καλ
627 1175 672 1237 ίμ-

206 1256 289 1327 μελῶς
307 1258 364 1321 6,3

171 1348 342 1415 παρανομίαν
360 1346 492 1412 ἐμφαίνειν
506 1347 541 1402 είς
561 1341 674 1405 152,11.

170 1430 202 1483 τὸ
220 1432 352 1502 παράπαν
369 1430 431 1493 230,
448 1428 487 1480 13.

172 1514 344 1588 παραπλήσια
363 1517 429 1589 πρὸς
450 1514 548 1579 82,14.

171 1606 420 1674 παραποδισθίντες
440 1603 499 1666 150,
509 1600 534 1653 6.
542 1602 566 1654 7.

170 1689 368 1759 παρασκευάζει
385 1688 418 1740 τὸ
428 1688 558 1759 χρήσιμον
575 1687 671 1751 37,12.

172 1775 348 1845 παρατάσεως
370 1772 471 1838 32,15.

170 1859 352 1931 παρατήρησιν
372 1859 489 1927 τεχνικὴν
506 1858 568 1920 288,
582 1861 606 1911 7.
617 1858 641 1911 8.

170 1955 359 2019 παρατροπαῖς
376 1941 526 2013 άπατηλαῑς
543 1945 642 2009 93,17.

170 2031 332 2104 παρατροπῇ
357 2031 470 2096 194,12.

169 2122 347 2192 παρατροπην
366 2119 464 2182 55,12.

170 2205 345 2278 παρατροπῆς
363 2204 468 2269 65,15;
500 2233 534 2242 -
565 2225 671 2274 φαντα-

204 2296 264 2347 σιῶν
284 2291 399 2356 113,15.

169 2384 330 2451 παραφέρειν
339 2379 376 2431 τοὶ
386 2377 571 2448 ἁμαρτήματα
589 2375 632 2440 92,
644 2376 669 2428 3.

168 2464 317 2536 παραφορὰ
335 2468 378 2516 καί
396 2469 517 2522 ίκστασις
537 2460 652 2524 114,11.

169 2551 334 2623 παραφορὰν
351 2555 432 2603 θείαν
453 2549 512 2613 160,
523 2549 549 2600 5.

168 2639 329 2708 παραφορᾶς
347 2639 442 2690 ίνθίου
461 2634 520 2698 158,
534 2633 557 2685 4.

168 2721 380 2793 παραφροσύνην
400 2721 458 2782 148,
474 2721 513 2772 14.

168 2806 359 2880 παραφύονται
376 2807 438 2869 287,
449 2807 475 2858 9.
486 2807 529 2858 10.

167 2912 324 2981 παρενοχλεῖ
347 2907 518 2972 178,13.14;
549 2934 581 2945 -·
612 2915 669 2968 τοῖς

202 2993 357 3066 ἀνθρώποις
394 2996 458 3056 141,
477 2995 506 3058 4ς
544 3021 577 3030 -
613 3003 669 3055 τοῖς

204 3090 345 3156 θεουργοῖς
382 3080 441 3144 176,
454 3081 478 3134 9.

167 3196 336 3264 παρενοχλεῖν
355 3188 449 3251 αὗτοῖς
472 3191 639 3255 130,16.17.

166 3279 351 3349 παρεπόμενον
369 3275 410 3331 ἔπ’
425 3275 511 3331 αὐτῶν
530 3278 572 3341 13,
584 3277 608 3330 6.

165 3365 299 3438 πάρεργον
317 3365 360 3428 46,
373 3367 396 3417 5.

165 3457 191 3504 ίν
210 3458 331 3524 παρέργῳ
351 3445 482 3524 εἰρημένον
500 3449 600 3516 98,16.

164 3537 276 3608 πάρεστι
286 3537 391 3593 άκοὺειν
402 3535 487 3608 φωνῆς
501 3537 559 3600 103,
573 3538 613 3591 10.
626 3538 665 3591 11.

164 3628 271 3695 παρέχει
288 3626 335 3694 τὴν
352 3629 428 3697 ἕδραν
447 3624 546 3689 24,15.

163 3710 334 3781 παρισώσεως
349 3712 392 3775 32,
406 3710 448 3764 18.

162 3798 233 3850 κατά
251 3804 397 3869 παροιμίαν
418 3797 531 3860 124,15.

161 3910 299 3979 παρουσία
325 3909 375 3959 τοῦ
404 3906 455 3959 τῶν
482 3909 554 3961 θεῶν
581 3908 665 3980 πυρὸς

195 3998 240 4047 καὶ
259 3994 347 4065 φωτὸς
376 3993 434 4054 113,
448 3994 472 4044 7.
484 3993 507 4048 8,

159 4111 311 4176 παρουσίας
330 4100 455 4174 άφανοῦς
473 4103 534 4164 230,
548 4104 572 4155 8.

159 4192 260 4261 πατρὸς
278 4188 347 4244 θεοῦ
365 4188 427 4252 291,
442 4187 464 4240 7.

723 487 894 553 πειραθέντες
903 486 946 535 eui
956 481 1007 536 οὖν
1015 487 1093 553 έργων
1111 482 1172 547 229,
1183 482 1224 535 17.

723 567 840 631 πελάζειν
859 570 927 641 πρὸς
944 565 1018 622 αὐτοὶ
1034 569 1097 634 202,
1109 569 1135 621 3.
1145 569 1172 622 4.

721 657 833 714 πελέκεις
851 656 1086 728 προσαράσσοντες
1103 663 1159 716 τοῖς
1177 657 1228 710 νό-

756 761 812 800 τοις
832 741 891 805 110,
904 741 929 793 9.

722 827 873 898 πεπλήρωκε
892 827 983 880 πάντα
999 827 1100 892 31,14.

722 918 826 984 πέρατα
834 914 1000 983 διειλημμένα
1007 914 1106 978 22,15;
1124 939 1163 952 ·-
1180 914 1227 983 της

756 997 817 1066 ὅλης
829 997 951 1067 είδησεως
963 1000 1013 1051 vav
1026 996 1108 1053 ὄντων
1127 1001 1188 1062 102,
1203 1001 1225 1052 1.

722 1091 816 1156 πέρασι
833 1091 981 1157 σταθεροῖς
1000 1085 1112 1148 16612.

722 1169 900 1242 περιάγεσθαι
917 1175 977 1243 περὶ
996 1173 1043 1239 τὴν
1060 1167 1157 1226 οὐσίαν
1175 1175 1227 1225 τῶν

757 1255 838 1310 ὄντων
856 1256 937 1321 6,11.

721 1342 882 1414 περιαγωγῆς
899 1348 936 1404 είς
947 1347 979 1397 τὰ
993 1343 1088 1413 νοητὸν
1105 1342 1168 1406 269,
1183 1344 1225 1396 15.

721 1432 937 1500 περιαυτολογεῖν
955 1428 998 1493 90,
1012 1429 1037 1482 9.

722 1519 940 1587 περιαυτολογίας
958 1514 1002 1577 91,
1016 1513 1041 1568 8.

721 1603 845 1673 περιβολὴ
864 1601 1062 1667 δυσανάσχετος
1079 1598 1124 1663 87,
1138 1599 1162 1652 7.

721 1693 840 1759 περίγεια
858 1691 982 1760 τρέφεται
1000 1682 1055 1739 άπὸ
1072 1685 1126 1741 τῶν
1142 1681 1226 1759 οὖρα-

756 1779 815 1827 νίων
833 1774 894 1837 213,
908 1772 1003 1828 15.16.

720 1864 859 1932 περιγείοις
877 1858 957 1925 55,1.

720 1949 847 2016 περίγειος
865 1945 908 2009 87,
920 1944 947 1998 8.

721 2036 854 2102 περιγείων
865 2029 884 2100 ἢ
895 2035 1070 2102 περικοσμίων
1088 2031 1224 2103 δυνάμεων

754 2118 816 2181 211,
830 2117 852 2168 l.
864 2119 889 2169 2.

720 2206 885 2276 περιγραφάς
901 2205 964 2270 211,
978 2204 1027 2267 11;
1041 2234 1072 2244 -
1093 2201 1223 2278 άφοριζο-

754 2297 833 2360 μένας
851 2290 894 2354 89,
905 2290 931 2344 9.

719 2376 910 2449 περιγράφεται
921 2380 962 2430 ίπλ
971 2377 1133 2450 βραχύτερον
1147 2377 1190 2443 78,
1197 2379 1220 2431 7.

719 2464 869 2536 πεννεννὴ
886 2463 998 2534 νεωστί
1015 2463 1059 2530 33,
1072 2465 1097 2516 ⁵·

719 2553 928 2622 περιδινουμένης
945 2547 1093 2622 περιφοράς
1109 2550 1172 2615 227,
1184 2550 1210 2602 5.

719 2639 939 2708 περιειλημμένοις
958 2636 1000 2697 74,
1014 2635 1040 2688 4.

717 2727 901 2794 περιείληπται
918 2717 967 2775 ὑπ’
981 2718 1066 2775 αὐτοῦ
1084 2723 1186 2785 27,15.

717 2815 865 2879 περιέχεται
894 2806 945 2862 ὑπὸ
980 2807 1029 2877 τῆς
1057 2808 1222 2880 τελειότητος

751 2895 850 2960 27,15.

717 2984 903 3052 περιεχομένων
921 2977 969 3053 ὑφ’
985 2984 1083 3054 ίτίροις
1102 2981 1204 3046 12,16.

717 3069 882 3134 περιέχονται
900 3063 949 3120 ὑπ’
962 3063 1047 3120 αὐτοῦ
1074 3066 1117 3131 26,
1130 3069 1162 3131 33
1184 3096 1220 3106 —

751 3151 804 3205 ὑπὸ
822 3155 932 3223 μηδενὸς
961 3153 1071 3219 28,17;
1103 3185 1136 3196 -
1167 3153 1220 3208 ὕπὸ

751 3237 801 3291 τῶν
820 3238 950 3310 σωμάτων
969 3240 1065 3303 50,16.

716 3329 917 3397 περικεχυμένου
937 3326 1032 3391 104,1.

716 3411 876 3482 περικόσμια
894 3408 994 3481 άγαθοὶ
1012 3412 1112 3477 82,17.

716 3503 889 3569 περινοσμίου
908 3502 953 3552 καλ
965 3498 1150 3572 γενεσιουργοῦ
1168 3498 1220 3570 φά-

751 3605 816 3645 σεως
832 3585 894 3649 225,
908 3585 1001 3639 1617.

715 3675 901 3742 περικοσμίους
919 3676 1046 3743 ἐνεργείας
1065 3671 1108 3735 68,
1120 3672 1146 3726 4.

714 3762 890 3830 περικοσμίων
907 3756 1012 3829 φύσεων
1035 3757 1135 3823 67,12.

713 3847 887 3916 περικοσμίως
906 3844 948 3909 78,
959 3845 985 3897 2.

713 3929 923 4002 περινροάσωμεν
940 3930 1056 3996 268,12.

685 4054 688 4122 ,
713 4021 859 4089 περιλαβεῖν
877 4020 913 4069 ένί
930 4017 997 4085 λόγῳ
1018 4016 1136 4081 129,17.

684 4126 687 4185 γ
712 4107 850 4176 περίληψις
866 4104 909 4167 33,
921 4105 950 4170 23
991 4134 1021 4144 -
1060 4102 1111 4157 τῶν
1129 4107 1214 4174 γείσων

684 4190 687 4223 ²
745 4189 845 4253 20,14.
