2776 4876
150 364 176 428 4,
188 367 201 415 1
1153 371 1204 426 181

149 540 212 595 σας
235 517 381 606 ἀπορίαν
403 521 709 612 διαμφισβητήσεις,
738 520 799 607 ἐγώ
822 524 852 590 δ’
872 532 908 592 ἐν
929 529 975 608 τῷ
997 530 1088 614 μίρει
1110 524 1203 594 δώσω

149 629 251 716 λόγον
274 652 344 698 σοι·
367 634 438 717 λίγε
461 627 503 713 δὴ
526 625 599 714 οὖν,
629 631 681 701 ότι
703 633 790 702 πάνυ
812 659 852 723 με
875 632 1042 725 ταράττει,
1070 638 1140 714 πώς
1161 637 1205 716 ὡς

113 754 129 805 3
147 746 329 831 κρείττονες
349 742 639 831 παρακαλούμενοι
653 745 880 814 ἐπιτάττονται
903 745 946 824 ὡς
957 751 1119 836 χείρονες·
1142 744 1203 834 ἐγώ

148 854 184 920 δέ
206 875 261 920 σοι
282 858 344 942 ἐρῶ
366 851 427 936 τὴν
450 852 532 937 ὅλην
554 861 628 943 περὶ
649 861 715 926 τών
736 861 948 944 καλουμένων
975 856 1074 938 ἀξίαν
1103 856 1204 944 λόγου

149 966 317 1054 διαίρεσιν,
340 965 402 1058 ἀφ’
422 959 462 1048 ἧς
484 971 611 1036 ἐνέσται
634 993 688 1038 σοι
711 965 882 1058 διορισμός
897 965 1009 1059 σαφὴς
1023 973 1083 1037 τοῦ
1097 993 1131 1036 τε
1147 972 1203 1037 δν-

114 1078 253 1144 θνατού
273 1079 329 1143 καὶ
351 1080 411 1146 τού
427 1076 606 1160 ἀδυνάτου,
629 1083 703 1168 περὶ
725 1073 772 1148 ών
793 1078 976 1167 ἠρώτησας.

241 1189 319 1254 osor
346 1192 407 1274 μὲν
434 1184 499 1278 γάρ
528 1195 584 1258 καὶ
613 1187 688 1259 ὅσοι
716 1196 897 1281 κρείττονες
923 1192 1019 1277 ἡμῶν
1046 1189 1203 1278 βουλήσει

147 1301 213 1366 τών
234 1301 359 1378 καλών,
385 1297 534 1390 ἀφθόνῳ
556 1325 590 1368 τε
612 1305 679 1370 τών
701 1302 847 1388 ἀγαθῶν
874 1300 1106 1393 ἀποκληρώσει
1127 1302 1199 1390 μετ’

112 1409 313 1496 νεύμενείας
334 1420 405 1489 τοῖς
426 1410 532 1491 ἀξίοις
550 1415 745 1501 χαρίζονται
771 1411 815 1480 τά
836 1413 1062 1503 προσήκοντα,
1091 1418 1203 1482 οίκτεί-

146 1545 258 1610 ροντες
279 1526 341 1610 μὲν
360 1519 438 1601 τούς
459 1527 526 1590 τῶν
546 1529 718 1615 ίερατικών
733 1525 865 1615 ἀνδρῶν
884 1523 1015 1606 πόνους,
1032 1519 1081 1592 «τά
1101 1524 1132 1591 δ’
1155 1532 1202 1592 ot-

143 1642 216 1699 κεῖα
243 1638 367 1701 ἑαυτῶν
393 1633 584 1721 γεννήματα
608 1640 666 1702 καὶ
691 1639 874 1725 θρέμματα
903 1640 959 1703 καὶ
989 1632 1201 1723 παιδεύματα

93 1752 128 1804 12
146 1742 379 1833 ἀσπαζόμενοι.
407 1742 468 1812 ’τά
490 1749 525 1814 δὲ
547 1753 634 1833 μέσα
656 1751 736 1833 γένη
756 1751 891 1835 κρίσεως
913 1751 1021 1839 ίφορα
1035 1744 1201 1833 τυγχάνει·

146 1854 358 1941 συμβουλεύει
378 1883 413 1924 τε
437 1854 460 1923 ἀ
482 1860 532 1925 δεῖ
553 1868 660 1924 ποιεῖν
682 1863 739 1926 καὶ
761 1863 860 1926 τίνων
881 1857 1070 1944 ἀπέχεσθαι
1097 1878 1202 1942 προσ-

144 1962 222 2047 ήκει,
244 1970 301 2034 καὶ
323 1965 407 2054 πρὸς
428 1972 489 2054 μὲν
509 1966 553 2036 τά
576 1971 689 2037 δίκαια
712 1973 792 2059 ἔργα
807 1975 1006 2058 συναίρεται,
1029 1965 1201 2035 διακωλύει

94 2092 126 2143 15
145 2078 180 2144 δὲ
202 2073 244 2143 τά
267 2074 374 2158 άδικα,
396 2077 539 2157 πολλούς
561 2104 596 2147 τε
618 2085 684 2147 τῶν
707 2077 954 2169 ἐπιχειρούντων
974 2078 1201 2172 ἀφαιρεῖσθαί

145 2212 176 2253 τι
197 2192 263 2255 τῶν
285 2189 469 2278 ἀλλοτρίων
490 2186 583 2278 παρά
599 2193 701 2272 δίκην,
724 2188 986 2277 ἣλυμαίνεσθαί
1002 2213 1078 2257 τινα
1092 2193 1200 2274 πλημ-

143 2300 249 2384 μελῶς
270 2295 293 2383 ἢ
313 2297 514 2381 ἀπολλύναι,
544 2300 665 2379 αὐτούς
693 2304 826 2383 εποίησε
852 2303 981 2369 παθεῖν
1008 2305 1115 2367 ταῦτα
1144 2296 1200 2367 οἷα

93 2427 127 2478 18
145 2405 264 2490 ἀλλους
286 2413 473 2480 διενοοῦντο
497 2410 711 2502 ἐργάζεσθαι.

216 2633 239 2683 1.
266 2625 398 2704 citropedes
417 2634 450 2686 (L
570 2634 596 2686 2.
623 2629 685 2700 ὅτιῙ
701 2629 743 2685 ὅτι
761 2635 789 2686 δὲ
809 2631 861 2695 ΑΟ,
889 2626 932 2684 ὅτι
950 2629 982 2698 δὴ
1001 2629 1034 2680 Ι).
1065 2623 1079 2698 ΙΙ
1108 2624 1199 2700 θράτ-

213 2736 254 2768 τει
271 2716 352 2770 nel).
479 2721 555 2774 7-8.
584 2716 643 2774 ὅσοι
660 2711 1044 2789 τρείττονες-ἀποπληρώσει
1066 2734 1118 2767 om.
1137 2715 1198 2780 Περ.

214 2803 239 2854 8.
268 2798 398 2873 ἀφθόνων
418 2804 497 2860 nel).
601 2809 625 2860 9.
651 2806 809 2878 χωρίζονται
827 2803 848 2856 C
867 2805 928 2871 fleg.
1031 2804 1074 2854 17.
1100 2795 1199 2861 adroic

213 2887 307 2957 scripsi,
336 2885 430 2951 αύτοῑς
449 2892 482 2946 0.

144 3107 210 3165 illud
227 3130 270 3166 me
288 3131 449 3192 magnopere
467 3114 604 3185 sollicitet,
631 3115 764 3193 quomodo
783 3114 821 3172 dii
840 3117 998 3172 invocentur
1015 3119 1050 3167 ot'
1062 3116 1198 3187 praestan-

143 3198 240 3265 tiores,
270 3197 455 3277 obtemperent
477 3212 564 3258 nutem
586 3201 724 3258 hominum
745 3203 865 3280 imperiis
888 3209 1021 3274 tamqnam
1048 3193 1196 3250 inferiores.

143 3301 192 3358 ego
211 3282 410 3343 distinctionem
428 3287 462 3343 de
481 3286 533 3344 diis
551 3290 682 3344 invocatis
701 3286 915 3344 consideratione
927 3283 1033 3360 dignam
1045 3279 1145 3347 adfero,
1164 3300 1198 3335 ει

143 3388 194 3444 qna
214 3371 278 3447 qnid
295 3373 356 3429 fieri
374 3376 463 3452 possit
480 3372 567 3430 isthac
585 3376 614 3430 in
632 3394 662 3429 re
680 3375 817 3450 quaeritur
839 3382 867 3428 et
889 3368 953 3448 quid
977 3371 1014 3424 stt
1031 3362 1198 3443 impossibile

140 3458 285 3534 perspicue
303 3458 501 3516 determinabis.

216 3541 263 3597 Dii
281 3543 404 3621 profecto
423 3554 451 3600 et
468 3547 547 3603 nobis
565 3549 773 3625 praestantiores
791 3563 885 3601 omnes
903 3541 1024 3619 spiritus,
1042 3558 1076 3594 ex
1093 3533 1198 3592 benefe-

141 3627 230 3686 ciendi
254 3631 342 3684 animo
366 3639 393 3685 et
414 3630 547 3688 uberrima
569 3632 700 3689 bonorum
723 3634 800 3710 copia
824 3627 1015 3704 benignissimo
1042 3622 1108 3679 dent
1129 3642 1197 3699 qnae

141 3716 208 3772 viris
234 3712 322 3791 dignis
343 3712 421 3770 ¹utilis
439 3727 513 3786 sunt,
540 3721 660 3776 miserati
678 3717 785 3776 seilicet
807 3713 977 3774 sacerdotnm
998 3710 1118 3778 labores,
1140 3718 1197 3765 tnm

142 3804 222 3858 etiem
244 3811 335 3879 gratos
356 3799 485 3858 habentes
509 3824 556 3860 eos
580 3824 649 3882 quos
671 3807 726 3883 ipsi
744 3814 771 3859 et
788 3799 926 3880 protulere
944 3808 971 3855 et
988 3796 1078 3855 oluere
1100 3805 1128 3854 et
1149 3794 1196 3852 do·

142 3897 260 3944 ruerunt.
306 3897 370 3943 sunt
388 3886 439 3943 alio
456 3891 563 3946 numine
581 3893 686 3966 generis
704 3886 800 3945 medii:
818 3887 885 3943 hoec
903 3887 986 3943 crisin
998 3892 1123 3942 exercent
1134 3902 1196 3940 con-

143 3972 287 4050 suluntque
306 3994 374 4050 qnae
392 3973 510 4032 iaciendo
530 3985 557 4032 et
575 3996 642 4052 qnae
659 3973 794 4052 fugiendo,
817 3973 851 4030 od
867 3973 939 4029 bone
957 3992 1037 4051 opera
1061 3970 1195 4034 edinvant,

142 4059 210 4117 molo
227 4059 381 4138 prohibent,
400 4073 427 4118 et
445 4082 504 4120 cnm
522 4059 599 4118 multi
617 4063 736 4140 aggressi
753 4059 851 4118 inerint
868 4058 935 4117 elios
954 4062 1053 4116 iniuste
1071 4054 1195 4124 fraudari,

143 4157 188 4203 sut
206 4148 298 4224 iniquo
315 4147 418 4205 violare
435 4158 463 4204 et
480 4147 606 4228 perdere,
630 4151 658 4205 in
681 4150 757 4227 ipsos
780 4168 827 4206 suo
850 4146 979 4205 adversus
1002 4145 1070 4201 elios
1092 4142 1195 4198 structo

145 4232 353 4292 machinamenta
372 4244 545 4292 retorserunt.
