2776 4876
210 355 264 418 5,4
1092 373 1100 393 ε
1213 350 1267 405 2⁰3

210 513 359 599 φέρεται·
383 503 441 572 οὐκ
464 496 523 572 οὖν
547 505 622 572 οὐδὲ
644 502 711 571 άπὸ
734 508 799 570 τῶν
822 500 984 590 σωμάτων
1005 505 1070 568 τῶν
1094 510 1128 569 ἐκ
1150 505 1266 595 διαφε-

209 621 340 709 ρουσῶν
363 614 533 705 δυνάμεων
556 619 612 682 καὶ
640 613 797 696 κινήσεων
820 611 1078 696 συνεστηκότων,
1107 623 1265 701 τρεπομέ-

174 750 189 801 3
207 755 273 799 νων
290 755 323 796 τε
337 730 509 806 παντοίως,
532 722 553 807 ἢ
569 722 637 793 άνω
655 721 676 809 ἢ
690 725 779 794 κάτω
795 731 994 818 φερομένων,
1019 724 1078 794 οὐκ
1093 728 1180 794 ἔστιν
1195 724 1267 807 ἥτις

214 836 257 908 άν
278 843 434 908 κοινωνία
457 836 587 931 φάσεως
609 833 630 919 ἢ
653 835 821 922 δυνάμεως
849 833 871 919 ἢ
899 834 1157 924 ἀναθυμιάσεως
1185 860 1266 923 συμ-

208 950 347 1039 μιχθειή
369 949 452 1040 πρὸς
474 947 517 1016 τά
541 956 576 1016 ἐν
600 947 731 1036 οὐρανῷ
755 947 906 1034 σάμαινα,
929 949 1002 1016 οὐδὲ
1018 945 1147 1030 ποιήσει
1163 974 1193 1015 τι
1208 941 1267 1016 οὖν

174 1071 254 1142 θεὶς
276 1061 377 1143 αὐτά,
407 1059 466 1147 άμε
488 1063 655 1139 παντελῶς
677 1058 734 1127 ἀπ’
755 1058 864 1126 αὐτῶν
886 1057 1086 1150 κεχάρισται.
1134 1059 1173 1126 οὐ
1201 1055 1265 1147 γάρ

210 1183 317 1242 ἐκεῖνα
340 1171 481 1260 δύναμίν
503 1197 577 1239 τινα
600 1174 738 1259 ἔχειτοῦ
752 1173 1006 1258 παραδέχεσθαι
1029 1179 1073 1250 εὶς
1087 1167 1188 1239 ἑαυτά
1204 1167 1265 1253 τὴν

150 1360 155 1367 ,
214 1283 282 1352 άπὸ
311 1288 377 1352 τῶν
404 1289 605 1371 γιγνομένων
633 1279 823 1368 μεταβολὴν
852 1279 933 1350 ὄντα
962 1283 1134 1369 άχέννητα.
1180 1279 1267 1364 ἥπον

175 1394 284 1485 οάρα
301 1391 342 1462 τά
365 1400 430 1462 τῶν
454 1398 544 1461 θεῶν
564 1397 735 1482 χραίνεται
764 1391 831 1461 άπὸ
861 1398 926 1462 τῶν
955 1393 1113 1463 τοιούτων
1142 1395 1266 1480 ἀτμῶν,

210 1504 232 1574 ά
255 1511 310 1574 καὶ
333 1511 391 1589 τῆς
413 1504 491 1587 ὕλης
514 1502 593 1588 ὅλης
615 1510 670 1572 καὶ
692 1509 757 1573 τῶν
780 1504 900 1574 ἐνάλων
924 1505 1085 1593 σωμάτων
1107 1504 1185 1585 τοὺς
1207 1505 1266 1573 άτ-

209 1618 300 1705 μοάς,
322 1617 366 1685 ἵν’
387 1616 489 1695 οὕτως
512 1616 659 1703 εἴπωμεν,
681 1617 840 1709 ἐξαίφνης
862 1616 947 1684 κατά
962 1623 1045 1704 μιάν
1059 1615 1165 1702 βολήν
1181 1618 1267 1685 άπε-

158 1749 191 1800 12
210 1727 338 1813 κόπτει,

228 1879 231 1888 ·
305 1845 410 1908 Τοῦτο
433 1846 493 1926 μὲν
516 1834 576 1910 οὖν
600 1839 657 1907 οὐκ
680 1837 774 1920 άξιον
795 1839 965 1908 ὑπονοεῖν·
988 1837 1073 1909 πολὺ
1087 1845 1122 1909 δὲ
1136 1844 1267 1928 μᾶλλον

211 1962 313 2021 ἐκεῖνο
334 1948 399 2039 χρὴ
422 1955 651 2033 διανοεῖσθαι,
679 1951 722 2030 ὡς
745 1950 901 2037 ἡμῖνκαὶ
931 1957 969 2044 τῇ
998 1952 1141 2043 ἡμετέρη
1166 1951 1267 2045 ,φύσει

159 2089 191 2139 15
210 2063 252 2131 τά
275 2061 414 2131 τοιαῦτά
437 2070 525 2131 ἐστιν
547 2060 721 2152 ἀλλότρια·
744 2067 850 2131 ταῦτα
870 2068 930 2149 μὲν
953 2061 1017 2149 γάρ
1033 2060 1074 2145 δὴ
1089 2067 1268 2155 διῃρημένα

212 2183 256 2253 εὶς
280 2172 320 2242 τά
343 2172 482 2262 μεριστά
512 2179 568 2241 καὶ
597 2173 638 2240 τά
669 2177 766 2241 ἔναλα
796 2170 878 2263 πρὸς
908 2171 949 2241 τά
978 2178 1076 2242 lavia
1104 2181 1160 2243 καὶ
1188 2174 1271 2254 ὅλως

211 2287 253 2354 τά
283 2287 419 2378 ὁμοερυῆ
454 2282 537 2374 πρὸς
571 2279 613 2351 τά
647 2283 783 2376 ὁμοφυη
816 2284 956 2353 δύναταί
984 2312 1058 2353 τινα
1091 2291 1267 2354 κοινωνίαν

160 2417 193 2468 18
212 2402 294 2486 ἔχειν
316 2396 400 2489 πρὸς
422 2394 551 2478 ἄλληλα
572 2399 633 2463 τοῦ
654 2408 760 2463 ποιεῖν
775 2391 797 2478 ἢ
811 2393 958 2482 πάσχειν,
980 2394 1023 2465 τά
1045 2398 1075 2465 δ’
1096 2397 1145 2465 ἐπ’
1164 2395 1267 2480 άλλης

281 2635 305 2685 3.
334 2652 362 2683 τε
381 2651 432 2683 om.
454 2629 534 2682 Aen.
552 2625 567 2700 ss
586 2631 703 2689 παντλως
723 2633 752 2680 Α.
825 2632 849 2683 4.
878 2630 1036 2684 atrociori).
1111 2636 1136 2685 7.
1164 2630 1264 2699 ἑαυτά]

281 2719 315 2771 ric
334 2718 404 2770 Act)
423 2718 495 2784 ng„
516 2711 588 2769 αὐτὰ
606 2716 641 2769 0.
712 2719 737 2770 9.
763 2717 800 2769 τά
818 2736 870 2769 om.
889 2716 923 2768 D.
1004 2719 1045 2770 15.
1074 2720 1214 2790 διηρημένα
1232 2719 1264 2771 B.

282 2808 323 2857 17.
353 2801 435 2876 πρὸς]
455 2802 489 2854 ric
508 2803 540 2865 D,
569 2802 697 2874 καὶπρὸς
718 2803 751 2855 Ο.

211 3024 265 3070 atat
282 3010 418 3069 immobile
436 3022 482 3068 aut
499 3010 665 3069 circulariter
683 3022 812 3068 movetur.
859 3032 1002 3090 corporum
1019 3015 1112 3090 igitur,
1138 3036 1205 3092 quac
1227 3016 1266 3073 (li-

211 3104 297 3159 versis
317 3099 489 3177 qualitatibus
508 3109 536 3155 ct
552 3099 670 3154 motibus
688 3097 808 3173 praedita
827 3109 897 3166 sunt,
916 3119 1036 3175 quasque
1053 3100 1266 3157 transmutabilia

212 3198 275 3244 sunt
294 3187 418 3242 omnibus
436 3185 537 3254 modis,
556 3185 730 3259 feranturque
749 3203 855 3242 sursum
874 3195 901 3241 ct
919 3183 1057 3253 deorsum,
1081 3206 1134 3241 non
1153 3185 1266 3244 catulla

211 3284 321 3330 naturae
344 3275 460 3329 societas
483 3275 654 3350 potentiaevc
676 3273 827 3329 communio
849 3281 877 3326 ct
898 3273 1096 3348 evaporationis
1119 3282 1266 3341 contactus,

146 3424 149 3427 ,
212 3363 258 3437 qui
275 3362 363 3438 possit
382 3360 549 3415 commisceri
567 3379 628 3414 cum
640 3357 799 3435 corporibus
814 3356 987 3423 caelestibus3
1006 3377 1088 3432 quare
1103 3377 1154 3414 noc
1164 3357 1266 3433 aliquid

212 3450 239 3503 in
258 3449 291 3503 iis
310 3446 441 3512 efficient,
466 3465 532 3521 quac
551 3447 659 3501 omnino
678 3464 693 3498 a
715 3464 746 3499 sc
768 3443 931 3522 discrepant.
977 3443 1026 3498 scd
1048 3464 1098 3499 ncc
1120 3445 1267 3521 potentiam

212 3535 291 3588 istam
312 3531 410 3586 babent
428 3551 495 3606 quac
512 3533 629 3606 ingenita
647 3540 718 3598 sunt,
742 3540 772 3585 ut
790 3540 973 3608 permutentur
995 3530 1029 3586 ab
1047 3532 1082 3586 iis
1100 3531 1180 3587 rebus
1199 3550 1267 3607 quac

212 3627 276 3675 sunt
293 3619 405 3692 genitae.
450 3606 513 3672 num
536 3617 601 3693 quid
623 3637 687 3694 crgo
709 3627 802 3673 natura
830 3616 941 3672 deorum
965 3637 980 3671 a
1006 3616 1150 3693 vaporibus
1176 3618 1268 3673 istius-

212 3705 286 3762 modi
304 3702 406 3760 focdari
423 3705 520 3779 possit,
539 3724 607 3780 quac
624 3724 717 3760 omncs
735 3723 849 3780 vapores
868 3702 900 3758 ab
913 3704 1037 3760 universa
1049 3706 1158 3761 matoria
1171 3714 1198 3761 ct
1209 3724 1267 3761 cor·

213 3791 324 3870 poribus
343 3809 405 3856 uno,
423 3800 453 3845 ut
472 3792 509 3844 ita
528 3791 623 3858 dicam
642 3792 697 3848 ictu
714 3790 889 3847 averruncat?

284 3877 356 3935 Haec
374 3876 455 3953 igitur
472 3875 517 3932 vcl
534 3878 667 3954 suspicari
684 3877 718 3932 de
736 3876 789 3932 diis
810 3877 922 3952 impium
945 3886 999 3932 ost:
1022 3875 1090 3933 illud
1111 3881 1202 3956 potius
1226 3900 1266 3934 ac·

214 3987 293 4042 quum
313 3975 355 4021 cst
373 3965 534 4032 existimare,
553 3962 627 4037 quod
644 3963 723 4019 nobis
742 3971 770 4017 ct
787 3970 895 4017 naturae
913 3973 1021 4024 nostrae
1039 3963 1104 4021 baec
1121 3969 1200 4023 noxia
1211 3967 1267 4022 sint

214 4063 241 4109 ot
259 4051 353 4107 aliena.
400 4071 461 4106 nam
484 4069 656 4126 quaecunque
679 4048 764 4105 divisa
788 4058 852 4104 sunt
873 4069 934 4106 cum
955 4052 1126 4129 partibilibus
1148 4064 1176 4110 ct
1198 4072 1266 4128 quac

213 4137 360 4195 materialia
379 4147 441 4193 sunt
463 4158 524 4195 cum
546 4136 727 4194 maurialibns
749 4146 777 4191 ct
798 4138 906 4193 omnino
928 4137 1025 4195 similia
1049 4160 1109 4196 cum
1134 4139 1266 4197 similibus

214 4235 330 4304 possunt
348 4227 375 4280 in
394 4224 496 4302 agendo
515 4234 542 4280 ct
559 4225 686 4303 patiendo
705 4245 735 4280 se
758 4233 849 4281 mutuo
867 4223 987 4281 afficere:
1011 4246 1184 4302 quaecunque
1201 4248 1265 4288 vero
