2776 4876
207 353 278 418 3,st
1212 357 1264 412 lto

208 503 325 574 initui
353 507 429 597 τῇδε
457 511 513 574 καί
541 504 624 594 πρὸς
651 507 739 592 ὑμᾶς
766 507 826 574 τόν
853 512 920 575 τῶν
948 508 1142 594 κρειττόνων
1170 514 1263 597 νοῦν,

154 652 157 656 ’
207 621 365 704 μένοντος
387 619 422 683 dd
444 616 547 685 αὑτοῦ
567 624 604 684 έν
626 617 717 703 αὐτῷ
738 616 782 684 τά
802 643 837 685 τε
859 631 981 704 σημεῖα
1002 624 1060 686 καί
1087 618 1149 702 τὴν
1177 645 1263 709 μαν·

173 749 188 800 ³
208 733 299 795 τείαν
322 723 405 808 ὅλην
418 723 502 814 πρὸς
517 726 620 795 αὑτὸν
636 735 822 821 ἐπιστρέφει
835 734 891 797 καί
906 729 962 798 ἀπ’
980 730 1084 798 αὑτοῦ
1099 731 1263 821 προϊόντα

208 836 293 907 αὑτά
316 837 507 923 ἀνευρίσκει.

297 952 413 1030 Ζητεῖς
434 951 470 1015 dd
491 945 530 1015 τὸ
553 946 670 1017 λοιπόν
690 955 765 1037 περὶ
787 955 847 1018 τοῦ
876 950 1002 1040 τρόπον
1024 957 1084 1033 τῆς
1105 958 1262 1038 μαντείας
1281 961 1319 1020 17

173 1066 256 1139 ςτίς
277 1067 313 1128 τέ
334 1066 404 1127 ἐστι
424 1065 480 1132 καὶ
503 1060 632 1140 ὁποῖος,
661 1057 701 1128 ὃν
723 1059 787 1143 ἤδη
816 1066 875 1147 μὲν
904 1061 998 1151 ἡμεῖς
1025 1067 1118 1156 κοινῇ
1144 1089 1179 1131 τε
1207 1070 1264 1132 καὶ

208 1170 281 1238 κατ’
301 1174 390 1239 ίδίαν
416 1169 664 1257 ἐξηγησόμεθα
710 1173 752 1239 σὺ
779 1175 814 1239 δέ
842 1176 974 1260 πρῶτον
1001 1178 1062 1260 μὲν
1090 1175 1263 1269 ἀποφαίνῃ

208 1279 342 1370 γνώμην
364 1285 429 1349 τῶν
451 1278 616 1368 μάντεων,
645 1281 688 1361 ὡς
709 1282 831 1362 πάντες
853 1281 909 1351 διά
931 1281 1067 1366 dederi
1094 1284 1263 1372 δαιμόνων

173 1415 190 1467 o
208 1397 294 1484 φασί
315 1397 375 1460 τοῦ
396 1395 575 1477 μέλλοντος
596 1391 765 1481 τυγχάνειν
779 1397 839 1476 τῆς
853 1395 1074 1481 προγνώσεως,
1098 1397 1172 1464 οὐδὲ
1188 1395 1263 1465 οἶόν

207 1528 243 1570 τε
265 1499 385 1583 ἄλλους
407 1506 526 1572 sidiam
549 1500 630 1570 αὑτό
653 1503 680 1586 ἥ.
697 1503 803 1591 μόνον
824 1501 901 1584 τοὺς
923 1507 989 1574 τῶν
1019 1512 1184 1591 ἐσομένων
1206 1531 1262 1574 κυ-

209 1618 309 1700 ρίους.
361 1617 473 1682 έπειτα
500 1614 635 1702 ἀπορεῖς
664 1622 691 1682 εί
719 1611 793 1702 άγρι
822 1613 983 1684 τοσούτου
1013 1615 1190 1702 κατάγεται
1218 1625 1263 1696 είς

156 1743 190 1795 12
206 1724 389 1810 ὑπηρεσίαν
411 1722 603 1816 ἀνθρώπων
623 1723 663 1793 τό
685 1729 795 1806 θεῖον,
824 1727 867 1804 ὡς
888 1724 935 1812 μὴ
958 1726 1066 1794 ὀκνεῖν
1092 1726 1186 1806 τινάς
1206 1732 1263 1795 καὶ

207 1835 464 1928 άλφιτομάντεις
486 1833 577 1905 εἶναι
615 1833 654 1903 τό
677 1839 712 1903 dd
734 1835 774 1904 οὑ
796 1841 903 1916 καλῶς
923 1835 1179 1923 ὑπολαμβάνεις,
1202 1835 1263 1920 τὴν

206 1950 398 2034 περιουσίαν
420 1952 480 2029 τῆς
501 1945 669 2033 δυνάμεως
690 1951 756 2014 τῶν
776 1951 869 2016 θεῶν
891 1952 947 2016 καὶ
963 1944 1024 2030 τὴν
1036 1947 1263 2038 ὑπερβάλλον

158 2081 190 2132 ιε
207 2079 273 2124 σαν
294 2055 498 2144 άγαθότητα
521 2064 577 2126 καί
598 2056 661 2140 τὴν
683 2055 793 2125 πάντα
820 2065 1035 2148 περιέχουσαν
1064 2063 1176 2126 αίτίαν
1204 2084 1263 2142 κη-

208 2170 365 2256 δεμονίαν
378 2194 413 2237 τε
429 2170 592 2254 ἡμῶνκαὶ
608 2173 826 2256 προστασίαν,
842 2168 1025 2256 ὑπηρεσίαν
1040 2169 1261 2257 ἐπονομάζων.

207 2283 264 2348 καὶ
286 2283 333 2346 ἐτι
354 2281 486 2365 ἀγνοεῖς
508 2276 568 2346 τὸν
590 2278 715 2368 τρόπον
736 2285 796 2361 τῆς
818 2283 989 2369 ἐνεργείας,
1012 2278 1095 2349 ὥστε
1115 2279 1156 2349 οὐ
1172 2285 1263 2348 καθ·
1337 2348 1347 2364 ς

157 2410 190 2462 ιο
208 2394 334 2458 έλκεται
361 2389 436 2460 οὔτε
463 2397 693 2482 ἐπιστρέφεται
721 2384 819 2470 οὗτος
848 2398 893 2468 είς
915 2390 1019 2477 ἡμᾶς,
1044 2389 1205 2478 χωριστὰς
1227 2395 1262 2460 di

279 2615 303 2666 1.
332 2609 471 2684 κριττόνων
491 2612 524 2664 D.
618 2615 644 2666 3.
671 2610 882 2682 1πιφίρει(οοη.
901 2631 939 2679 pr.
960 2629 1026 2688 noan.
1045 2610 1209 2683 ἐπιστρέφει)
1227 2613 1261 2664 D.

279 2700 301 2750 5.
330 2695 380 2764 τό]
400 2697 435 2749 sic
454 2697 508 2761 AG,
527 2717 577 2750 oro.
596 2698 629 2751 0.
715 2697 756 2750 10.
784 2693 882 2767 μόνους
901 2696 947 2749 cl)
967 2697 1026 2762 Reg.
1049 2689 1061 2765 ΙΙ
1082 2696 1145 2756 τοὺς
1163 2699 1262 2752 om.0.

280 2785 321 2838 12.
349 2782 479 2856 ὑπερσίαν
496 2785 530 2836 D.
603 2786 645 2836 15.
661 2784 701 2837 id.
730 2785 902 2853 κηδαιμονίαν
912 2782 941 2835 C.
1015 2784 1056 2836 18.
1081 2783 1216 2854 χωριστὺς
1228 2784 1261 2835 D.

208 2997 347 3056 inferiores
365 3008 393 3054 et
410 3008 516 3056 nostras
534 2998 673 3078 pertrobit,
698 2997 747 3054 sed
768 3008 891 3055 manente
909 3001 937 3054 iu
956 2998 1084 3075 dignitate
1107 3017 1155 3055 aua
1173 2998 1262 3057 diviua

209 3096 305 3154 mente,
322 3084 389 3141 bueo
407 3095 499 3142 nostra
516 3085 676 3164 bypotbesis
694 3084 730 3141 ad
747 3105 806 3141 eam
823 3095 932 3142 reroeat
950 3095 1006 3142 tum
1025 3087 1100 3160 signa
1117 3093 1174 3140 tum
1191 3104 1262 3140 man·

209 3174 280 3228 tioeu
298 3181 392 3238 totam,
410 3181 438 3227 et
455 3171 489 3228 ab
508 3193 538 3229 aa
555 3171 621 3230 baeu
639 3182 751 3248 utraque
770 3170 933 3227 descendere
950 3169 1135 3247 deprehendit.

279 3257 395 3331 Quaeris
419 3258 548 3337 deinceps
570 3259 605 3316 de
627 3257 708 3314 modo
730 3259 851 3314 vaticinii
873 3258 933 3333 quis
952 3258 989 3312 sit
1011 3264 1038 3311 et
1061 3254 1160 3330 qualis,
1182 3277 1262 3332 quem
1283 3249 1318 3310 17

208 3362 259 3399 nos
284 3344 389 3400 iamiam
411 3354 468 3402 tum
490 3348 519 3401 in
542 3364 640 3420 genere
663 3353 721 3400 tum
737 3346 818 3400 etiam
839 3344 980 3421 speciatim
1001 3340 1187 3419 explicuimus.
1235 3351 1263 3398 et

208 3431 323 3507 primum
333 3429 464 3487 ostendis
481 3433 642 3488 sententiam
660 3431 779 3487 omnium
796 3439 886 3486 vatum
904 3430 1031 3486 aientium
1048 3447 1079 3484 se
1091 3427 1211 3483 nancisei
1223 3425 1262 3484 iu·

208 3525 329 3571 tororum
347 3518 524 3591 coguitionem
541 3537 591 3594 per
608 3516 674 3573 deos
692 3526 721 3572 et
737 3515 892 3584 daemonas,
916 3536 966 3572 uro
987 3534 1072 3592 posse
1089 3512 1157 3569 alios
1174 3511 1262 3570 futura

209 3619 373 3676 eognosoere
388 3602 443 3657 uisi
459 3601 536 3659 solos
553 3601 703 3659 futurorum
720 3600 851 3659 dominos·
897 3601 995 3658 deiude
1012 3600 1172 3658 subdubitas
1183 3620 1217 3657 an
1228 3619 1262 3657 eo

208 3706 294 3761 usque
312 3688 461 3742 summittat
477 3708 509 3744 se
526 3687 652 3745 divinitas
670 3687 705 3744 ad
721 3687 835 3744 bumana
852 3689 979 3754 servitia,
999 3696 1030 3742 ut
1048 3685 1114 3742 velit
1132 3688 1212 3743 etiam
1229 3706 1263 3743 ex

208 3771 292 3830 farina
309 3781 386 3828 vates
404 3770 518 3831 efficere
562 3784 680 3830 ueterum
697 3793 752 3831 uou
770 3784 799 3830 tu
811 3783 884 3829 reete
896 3771 1004 3849 quidem
1015 3770 1090 3840 facis,
1108 3792 1170 3828 eum
1181 3791 1262 3828 voces

209 3860 348 3916 servitium
366 3857 394 3914 id
412 3857 485 3934 quod
502 3857 541 3915 dii
558 3858 659 3917 ineunt
674 3880 709 3917 ex
725 3861 869 3936 potestatis
890 3877 955 3914 suae
977 3856 1143 3934 plenitudiue
1164 3878 1200 3916 ox
1216 3858 1263 3914 bo·

209 3947 302 4001 uitatis
321 3944 493 4002 exuberantia
512 3965 546 4002 ex
564 3964 627 4001 eura
644 3947 731 4000 nostri
742 3954 770 4001 et
781 3943 951 4021 providentia
963 3965 996 4002 ex
1008 3943 1163 4002 causalitate
1174 3945 1262 4000 omnia

210 4030 412 4109 complectente
462 4030 621 4108 quidquod
640 4033 763 4108 ignotam
785 4030 886 4088 videris
908 4031 1016 4088 modum
1038 4033 1201 4108 operationis
1224 4028 1263 4086 di-

210 4120 301 4183 vinaet
320 4138 370 4174 nee
389 4121 459 4175 euim
477 4117 512 4174 ad
530 4138 580 4174 nos
598 4117 666 4174 deus
683 4119 761 4194 quasi
779 4117 927 4176 detrahitur
945 4129 990 4176 aut
1008 4119 1186 4181 convertitur,
1214 4115 1262 4172 sod

210 4213 317 4280 praeeat
334 4215 483 4284 separatus,
501 4207 591 4282 itaquo
609 4207 787 4263 communicat
800 4208 1024 4285 participantibus
1042 4223 1076 4259 se.
1089 4205 1156 4279 ipse,
1174 4210 1262 4263 hm
