2776 4876
196 369 232 424 68
1192 368 1245 430 2³²

168 558 172 567 ·
196 524 387 607 ζωοποιοός,
404 521 610 612 ἡγεμονικὰς
631 527 697 592 τῶν
719 523 922 614 ἀνθρώπων,
952 529 1103 608 γενέσεως
1125 521 1246 588 ἀπολε-

197 642 336 724 λυμένας
357 636 533 723 ἀπονέμειν
554 632 656 718 ἄξιον.
987 684 991 691 ‚

159 756 180 816 2
281 748 465 835 Ἔνιομίνως
493 751 537 816 ‹u-
557 751 613 816 καὶ
640 744 700 827 τὰς
727 751 889 836 ἐνεργείας
910 745 1020 813 αὐτόν
1047 747 1278 835 separasset

196 865 252 928 καὶ
273 863 403 947 μᾶλλον
423 863 483 943 μίν
505 863 734 946 περικοσμίους
761 861 881 926 θετέον
900 852 962 937 τὰς
981 859 1048 924 τῶν
1066 854 1246 943 δαιμόνων,

199 976 256 1040 καλ
279 968 505 1049 διατεινοόσας
526 974 579 1038 ἐπὶ
600 975 713 1038 πλεῖον
741 977 868 1049 ἐντοῖς
889 968 1161 1055 ἀποτελουμίνοις
1183 967 1249 1058 ὑφ’

196 1087 331 1165 ίαυτῶν,
352 1079 413 1160 τὰς
434 1084 470 1148 δὲ
490 1085 556 1148 τῶν
569 1079 685 1168 ἡρώων
701 1085 757 1148 καὶ
771 1080 821 1147 ἐπ’
837 1085 974 1148 ἔλαττον
987 1085 1046 1166 μὲν
1061 1076 1246 1161 διηκοόσας,
1264 1089 1279 1140 ο

197 1192 289 1283 παρὰ
312 1198 347 1262 δὲ
369 1190 431 1276 τὴν
452 1195 518 1260 τῶν
532 1195 648 1284 ψιγῶν
663 1192 811 1273 διάταξιν
826 1197 1112 1284 ἑπιστρεφομίνας.
1144 1187 1247 1268 οὕτως

198 1305 239 1389 δὴ
263 1299 322 1375 οὖν
344 1309 564 1392 διωρισμένων
585 1303 706 1392 ὑστέρα
729 1309 818 1372 ἐστίν
845 1305 867 1386 ἡ
895 1299 985 1393 ψυχὴ
1013 1301 1247 1386 καταλήγουσα

198 1414 281 1505 πρὸς
302 1414 340 1484 τὸ
362 1420 455 1493 τέλος
476 1422 541 1483 τῶν
563 1419 668 1482 θείων
688 1414 813 1498 τάξεων
834 1419 890 1482 καὶ
913 1410 980 1482 ἀπὸ
1001 1417 1068 1481 τῶν
1088 1411 1148 1480 δόο
1170 1411 1280 1480 τού-λ

198 1552 263 1596 των
284 1532 386 1614 γενῶν
407 1532 526 1614 μοίρας
548 1524 641 1606 τινας
661 1525 831 1614 δυνάμεων
852 1530 1142 1614 διακληρωσαμίνη
1156 1548 1246 1613 μερι-

199 1639 289 1720 στάς,
316 1637 528 1728 προσθήκαις
553 1664 587 1706 τε
616 1635 734 1718 ἄλλαις
754 1644 995 1728 περιττοτέραις
1020 1633 1246 1717 πλεονάζουσα

198 1752 261 1843 ἀφ’
280 1756 405 1834 εαυτῆς,
434 1754 489 1817 καί
512 1747 628 1818 ἄλλοτε
650 1746 738 1816 ἄλλα
761 1751 828 1832 είδη
852 1753 907 1817 καὶ
930 1746 1048 1834 λόγους
1070 1747 1104 1828 ἐξ
1128 1753 1247 1835 ἑτέρων
1264 1756 1296 1806 12

198 1869 332 1950 ἑτέρους,
343 1866 438 1948 βίους
448 1887 482 1929 τε
493 1858 613 1940 ἄλλους
623 1855 741 1928 ἄλλοτε
750 1858 995 1951 προβάλλουσα,
1009 1859 1092 1926 καθ’
1105 1857 1246 1942 ἑκάστην

199 2000 232 2040 τε
251 1973 363 2064 χώραν
384 1979 445 2041 τοῦ
466 1971 592 2058 κόσμου
612 1976 775 2052 ποικίλαις
790 1975 887 2054 ζωαῖς
899 1965 961 2040 καὶ
975 1975 1077 2050 ἰδέαις
1087 1978 1247 2060 χρωμίνη,

269 2249 294 2300 1.
315 2244 468 2314 ζωοποιοός]
487 2247 522 2299 sic
536 2245 589 2310 Ac,
607 2245 735 2310 ζωοποιός
746 2245 804 2308 ΒΙ),
822 2243 953 2309 ζωοποιός
971 2245 1004 2298 O.
1021 2239 1033 2314 ΙΙ
1050 2242 1204 2314 ἡγεμονικὸς
1216 2243 1247 2297 Β.

273 2329 292 2402 ΙΙ
304 2331 465 2405 ἀνθρώπων]
485 2330 553 2387 dvm
571 2333 595 2383 1)
614 2331 690 2384 hicet
701 2330 806 2402 saepius,
825 2330 895 2384 θεῶν
912 2331 944 2384 Β.
1017 2335 1041 2385 3.
1062 2326 1246 2402 cistophori).

264 2422 347 2473 3-5.
375 2422 533 2490 διοριστέον·
556 2423 601 2471 καλ
617 2420 718 2488 μᾶλλον
734 2423 781 2488 μὲν
804 2417 849 2479 (δὲ
867 2413 973 2482 Fascis.)
994 2421 1182 2488 περικοσμίους
1200 2425 1246 2470 θε-

229 2566 231 2571 ,
269 2511 329 2559 τίον
346 2506 396 2566 τὰς
418 2507 469 2558 τῶν
492 2503 633 2574 δαιμόνων,
655 2509 700 2557 καλ
718 2501 914 2570 διατεινοόσας]
932 2503 968 2556 sic
986 2503 1056 2555 acl)
1075 2504 1171 2568 Pescia„
1196 2505 1247 2562 τοὶς

267 2596 314 2661 μὲν
338 2590 388 2646 τῶν
411 2587 541 2661 δαιμόνων
563 2594 622 2660 περὶ
643 2592 690 2642 τὸν
713 2591 813 2661 κόσμον
837 2595 1058 2661 ἐπιστρεφομένοις
1080 2593 1124 2642 καλ
1145 2587 1245 2658 μᾶλλον

270 2676 453 2738 διατεινοόσοις
472 2679 505 2729 0.
630 2677 654 2728 4.
667 2680 692 2729 5.
721 2679 766 2729 καὶ
782 2675 1063 2747 μᾶλλον-δαιμόνων
1081 2680 1125 2729 καὶ
1143 2697 1195 2728 oro.
1213 2677 1245 2728 Β.

263 2764 295 2815 ·8.
319 2761 435 2833 ολστίρα]
460 2767 569 2834 δευτέρα
593 2761 671 2814 ACD.
693 2756 705 2831 Ι]
730 2765 800 2816 ἐστὶν
822 2761 838 2829 ’ἡ
863 2763 933 2830 ψυχὴ
958 2777 1013 2833 post
1033 2762 1130 2820 τάξεων
1152 2759 1192 2829 (v.
1213 2761 1246 2821 9)

268 2849 341 2917 ponit
360 2852 389 2909 Α,
407 2870 458 2902 om.
476 2848 531 2900 CD.
609 2850 649 2900 12.
678 2846 781 2916 λόγους]
801 2846 893 2914 λόγους
911 2869 940 2901 τε
961 2848 1013 2902 ΑΟ.
1091 2848 1132 2900 13.
1160 2868 1246 2920 προσ-

268 2931 404 3001 βάλλουσα
421 2935 454 2988 Ι).
561 2935 603 2987 14.
630 2932 670 3000 τε]
688 2934 723 2985 sic
743 2933 824 2995 ΑΕΒ,
851 2954 901 2986 om.
921 2935 952 2987 Ο.
977 2929 990 3003 ΙΙ
1013 2933 1101 3002 ζωαῖς]
1120 2937 1136 2988 Ι.
1156 2933 1247 3000 ζώναις

267 3039 344 3086 πίοις.
363 3022 388 3072 1)
407 3041 420 3072 a
437 3041 483 3073 seo.
503 3041 578 3074 manu

199 3270 388 3349 alligandamm
406 3291 468 3328 cura
485 3273 625 3349 pertineat,
642 3273 768 3329 heroibus
786 3292 851 3329 vero
869 3274 941 3329 vires
953 3274 1071 3331 tribuere
1089 3285 1198 3352 oportet
1208 3279 1249 3332 ri·

198 3357 301 3426 vificas,
320 3358 456 3414 homiuum
474 3357 563 3426 duces,
582 3369 609 3414 et
626 3379 642 3414 a
658 3362 827 3434 generatione
844 3359 955 3417 solutas.

162 3446 182 3505 2
270 3443 399 3520 Sequitur
415 3445 468 3499 iarn
484 3453 623 3500 uteorum
641 3446 809 3522 operationes
831 3447 1023 3524 distinguam
1045 3449 1115 3504 inter
1131 3468 1169 3504 se.
1219 3459 1248 3506 et

200 3549 264 3585 sane
282 3528 440 3586 daemonum
457 3532 626 3607 operationes
645 3531 846 3589 consideramus
869 3543 1002 3610 tamquam
1019 3544 1155 3592 versuum
1173 3536 1247 3592 circa

200 3614 339 3682 mundum,
361 3615 494 3693 latiusque
516 3637 545 3673 se
567 3616 739 3674 extendentes
762 3619 790 3674 iu
812 3621 936 3696 iisquae
957 3622 1112 3699 perficiuntz
1133 3620 1247 3677 heroum

199 3721 264 3757 vero
283 3721 337 3756 uon
355 3704 391 3758 ita
408 3701 488 3780 longe
505 3705 693 3782 pertingentes,
711 3713 738 3759 et
755 3707 898 3783 praecipue
914 3717 1056 3786 occupatas
1067 3710 1096 3765 in
1108 3708 1246 3763 animabus

201 3785 365 3844 ordinandis.
412 3787 456 3845 his
475 3789 579 3848 duobus
597 3793 637 3848 sic
655 3789 772 3846 definitis
790 3794 875 3848 anima
897 3795 1029 3870 sequitur,
1053 3814 1120 3870 quae
1142 3793 1247 3850 divino·

200 3893 259 3929 rum
277 3872 400 3930 ordinum
416 3875 485 3932 fines
509 3879 628 3954 attingit,
650 3886 678 3933 et
699 3877 732 3933 ab
755 3876 797 3934 his
820 3878 923 3937 duobus
944 3880 1084 3957 generibus
1105 3882 1246 3958 portiones

199 3957 328 4036 quasdam
345 3959 518 4036 particulares
535 3964 713 4040 potentiarum
735 3967 858 4034 sortitur,
881 3976 962 4024 etex
984 3987 1014 4024 se
1035 3969 1095 4044 ipsa
1118 3966 1177 4023 aliis
1201 3987 1246 4024 cu·

198 4043 298 4103 mulso
315 4047 513 4103 occasionibus
531 4048 659 4116 abundat,
682 4049 800 4127 aliasque
821 4072 854 4109 ex
877 4051 936 4109 aliis
954 4053 1059 4130 species
1081 4063 1109 4108 et
1126 4056 1245 4109 rationes

198 4131 318 4189 diversas
335 4152 370 4190 ex
388 4131 502 4190 diversis
520 4132 633 4189 subinde
649 4138 797 4211 acquirens,
815 4147 843 4192 et
860 4157 948 4194 mores
965 4137 1042 4208 alios,
1060 4158 1110 4216 pro
1128 4138 1245 4196 diversis

199 4217 288 4276 mundi
306 4219 459 4296 regionibus
475 4220 557 4277 variis
574 4220 639 4277 vitis
656 4230 683 4276 et
700 4221 769 4279 ideis
786 4225 883 4292 utitur,
904 4224 985 4282 simul
1008 4224 1106 4302 quibus
1122 4223 1182 4281 vult
1199 4244 1244 4303 ap·
