2776 4876
178 341 231 394 272
1180 329 1207 393 9,
1219 332 1234 381 1

179 498 313 582 γεσθαι.
348 488 464 575 νόμοις
484 486 550 580 γάρ
572 487 749 576 ἀχράντοις
764 490 822 554 καὶ
835 495 963 573 νοεροῖς
978 482 1115 571 ὥρισται
1130 480 1236 550 πύλαι

179 602 222 674 τά
244 608 324 691 ἔργα
346 605 406 682 τῆς
427 604 518 688 ἱερᾶς
539 600 714 686 ἁγιστείας,
743 597 833 679 τάξει
853 623 888 664 τε
910 598 1034 683 μείζονι
1056 599 1113 662 καὶ
1136 592 1238 662 δυνά-

179 742 233 806 μει
255 714 368 782 λύεται
389 709 431 781 τά
453 715 702 798 καταδεέστερα,
726 717 771 788 εὶς
792 706 948 795 βιλτέουά
969 732 1004 774 τε
1029 711 1272 794 μεθισταμέεθ

179 851 247 895 νων
268 824 362 914 ἡμῶν
384 825 478 907 λῆξιν
501 821 685 901 ἀπόστασις
712 826 837 908 γίνεται
865 825 931 889 τῶν
957 820 1236 906 καταδεεστέρων·

179 941 235 1005 καὶ
259 936 299 1006 οὐ
319 932 412 1025 παρά
434 935 494 1005 τὸν
516 934 550 1016 ἐξ
572 935 677 1022 ἀρχῆς
698 960 728 1001 τι
752 926 884 1019 δεσμὸν
912 933 1104 998 ἐπιτελεῖται
1132 937 1169 999 έν
1191 934 1238 1017 τῷ

179 1052 310 1135 τοιῷδε,
339 1054 396 1115 ἴνα
422 1051 701 1135 μεταστραφῶσιν
728 1050 761 1112 οἱ
789 1048 868 1112 θεολ
895 1038 980 1110 κατά
1007 1038 1070 1124 τὴν
1097 1038 1275 1129 ύστερονθ

179 1166 376 1249 γιγνομένην
407 1162 608 1245 ἱερουργίαν,
640 1156 714 1224 ἀλλ’
740 1151 807 1222 ἀπὸ
836 1157 895 1237 τῆς
923 1151 1054 1244 πρώτης
1081 1150 1240 1221 καθόδου

180 1276 235 1341 ἐπὶ
256 1269 361 1357 τούτῳ
382 1276 591 1359 κατέπεμψεν
614 1267 632 1335 ὁ
655 1262 739 1346 θεὸς
761 1263 822 1346 τάς
843 1264 961 1360 ψυχάς,
990 1270 1047 1334 ἵνα
1069 1261 1171 1333 πάλιν
1195 1272 1241 1343 εὶς

180 1378 284 1451 αὐτὸν
306 1385 545 1450 ἐπανέλθωσιν.
590 1376 664 1448 ούτε
687 1372 747 1447 οὖν
768 1376 938 1467 μεταβολή
962 1401 1011 1454 τις
1033 1380 1159 1462 γίνεται
1181 1372 1277 1442 διάθ

181 1499 240 1577 τῆς
261 1490 416 1576 τοιαύτης
438 1492 614 1578 ἀναγωγῆς
642 1489 716 1558 ούτε
745 1487 910 1578 μάχονται
937 1494 974 1555 αἱ
995 1485 1145 1556 κάθοδοι
1173 1493 1242 1555 τῶν

180 1609 296 1696 ψυχῶν
319 1609 433 1671 καλαὶ
456 1601 581 1671 ἄνοδοι.
626 1599 735 1690 ὥσπερ
763 1598 829 1692 γάρ
854 1605 911 1669 καὶ
939 1608 975 1668 έν
996 1603 1043 1685 τῷ
1069 1603 1172 1667 παντὶ
1199 1604 1242 1692 τῇ

181 1721 283 1803 νοιρᾷ
306 1715 404 1802 οὐσίᾳ
426 1714 447 1797 ἡ
471 1719 595 1801 γένεσις
616 1718 673 1781 καὶ
687 1709 810 1781 τάπάν
823 1713 899 1781 τόδε
921 1709 1128 1802 συνήρτηται,
1151 1709 1240 1780 οὕτω
1261 1715 1295 1766 1²

182 1830 239 1894 καὶ
261 1833 297 1893 έν
318 1829 358 1917 τῇ
378 1830 446 1891 τῶν
467 1829 582 1914 ψυχῶν
604 1822 820 1912 διακοσμήσει
841 1827 881 1918 τῇ
894 1827 969 1914 περὶ
983 1828 1110 1910 γένεσιν
1127 1822 1242 1892 αὐτῶν

96 2270 161 2357 9,1
276 2275 361 2362 Φέρε
384 2269 425 2355 δὴ
448 2265 508 2340 οὖν
529 2276 586 2339 καὶ
606 2268 668 2352 τὴν
689 2269 898 2360 πολύτροπον
920 2270 1067 2361 ἀπορίαν
1085 2267 1152 2354 τὴν
1165 2275 1244 2361 περὶ
1261 2284 1292 2334 15

181 2387 242 2454 τοῦ
269 2387 354 2453 λδέου
391 2386 551 2471 δαίμονος
583 2387 747 2463 ποικίλαις
774 2409 808 2451 τε
837 2379 1034 2473 ἀντιλήψεσι
1066 2391 1243 2473 χρωμένην

252 2644 278 2696 6.
304 2640 367 2712 τὴν]
386 2642 436 2711 τὴν
454 2645 491 2702 εἰς
512 2641 563 2695 AC.
656 2643 699 2695 11.
726 2636 823 2694 ἄνοδοι
841 2641 874 2694 Ι).
965 2642 1067 2695 11.12.·
1087 2644 1123 2713 τῇ
1141 2639 1239 2714 νοερᾷ]

252 2729 333 2800 νοερῷ
351 2726 385 2802 τῇ
408 2731 436 2779 Α.

183 2987 283 3044 iamdiu
300 2986 410 3043 definita
428 2997 501 3043 stant
518 2997 609 3044 saneta
627 2988 764 3065 religionis
782 3008 877 3067 opera,
900 3009 1008 3068 semper
1024 2987 1090 3046 haee
1113 2988 1239 3046 iuferiora

182 3074 372 3154 perordinem
390 3083 418 3129 et
441 3075 608 3151 superiorem
630 3085 793 3153 potestatem
816 3076 969 3144 solvuntur,
995 3085 1022 3133 et
1045 3070 1241 3154 quamprimum

182 3163 211 3218 iu
228 3159 365 3217 meliorem
385 3169 485 3216 sortem
503 3163 588 3217 evecti
607 3164 700 3230 simus,
718 3164 843 3239 protinus
855 3162 889 3219 ab
901 3161 1073 3221 inferioribus
1085 3161 1147 3240 luga
1160 3163 1240 3219 nobis

182 3247 268 3304 datur.
317 3267 366 3303 nee
384 3248 492 3303 interim
508 3249 537 3303 in
556 3245 608 3305 ltoe
627 3249 660 3305 fit
677 3248 779 3325 aliquid
797 3258 890 3306 contra
908 3248 995 3326 legem
1012 3247 1077 3304 olim
1095 3247 1187 3317 latam,
1210 3257 1240 3304 ut

182 3331 221 3389 dii
238 3332 381 3390 videantur
403 3353 437 3390 ex
458 3336 594 3412 posterius
612 3333 681 3391 laeta
699 3355 775 3392 sacra
793 3337 950 3413 operatione
972 3337 1080 3404 mutati,
1103 3333 1153 3390 sed
1176 3337 1241 3392 iam·

183 3419 285 3476 dudum
304 3419 337 3476 ab
355 3421 434 3476 initio
453 3419 514 3476 ideo
533 3420 599 3476 deus
618 3424 718 3478 animas
737 3421 858 3490 demisit,
881 3431 911 3477 ut
928 3421 963 3477 ad
985 3441 1016 3478 se
1038 3420 1180 3497 aliquando
1199 3441 1241 3477 re·

181 3515 357 3562 verterentur.
402 3505 469 3562 haee
488 3507 568 3583 igitur
586 3506 708 3564 reductio
727 3527 783 3563 non
800 3510 886 3584 arguit
898 3509 926 3563 in
938 3506 990 3563 deo
1002 3508 1177 3563 mutationem
1187 3527 1240 3563 nee

182 3601 300 3667 pugnant
317 3592 465 3649 descensus
483 3601 512 3648 et
529 3613 657 3651 aseensus
675 3596 834 3661 animarum
851 3594 901 3650 sod
918 3593 1054 3670 quomodo
1072 3596 1102 3650 in
1113 3596 1241 3651 universo

183 3674 217 3731 ab
236 3679 352 3733 essentia
371 3677 548 3736 intellectuali
566 3683 672 3757 genesis
691 3690 719 3736 et
736 3683 890 3738 universum
911 3678 964 3737 hoe
981 3680 1132 3758 dependet,
1155 3683 1196 3738 sie
1215 3689 1242 3760 et

183 3762 212 3815 in
230 3762 374 3819 animarum
393 3765 487 3821 ordine
510 3765 651 3824 alearum
674 3766 708 3823 ad
726 3769 836 3843 genesin
859 3767 1033 3825 inclinatione
1054 3767 1158 3846 pendet
1175 3763 1241 3822 haee

182 3847 242 3925 ipsa
261 3866 275 3900 a
293 3851 384 3922 genesi
401 3848 533 3907 liberatio.
593 3893 595 3897 .

148 4097 165 4154 l
256 4105 314 4181 Αἶα
331 4123 397 4162 τετυ
415 4109 598 4182 quaestionem
615 4111 688 4168 illam
701 4112 735 4170 de
745 4115 857 4191 proprio
869 4112 1001 4169 daemone
1012 4115 1079 4169 satis
1092 4110 1243 4168 anfractuo-

185 4207 241 4246 sam
257 4190 404 4268 multisque
421 4191 563 4250 obnoxiam
584 4195 780 4255 obiectionibus
803 4215 931 4256 conemur
947 4219 998 4277 pro
1016 4198 1120 4256 viribus
1138 4199 1243 4256 nostris
