2776 4876
238 379 314 421 xum
491 361 672 422 Praefationes
690 366 824 422 versionis
843 363 875 421 N.
895 362 1029 422 &aratu

327 523 392 589 Sed
413 527 475 589 iam
491 527 592 611 ipsum
608 525 718 590 audite
735 523 923 590 Scuteilium
939 525 1134 611 loquentem,
1157 534 1190 588 et
1205 526 1294 608 quod

239 640 295 702 uni
317 646 458 702 vestrum
488 636 580 715 dicit,
610 637 740 702 duobus
768 647 881 722 putate
905 638 1026 703 dicere:
1055 659 1127 702 nam
1149 658 1210 701 vos
1239 637 1294 701 ille

25 729 28 739 ¹
75 753 77 758 '
156 805 158 808 ,
238 750 449 834 bicorporeos
473 761 506 814 et
528 748 664 835 perinde
680 771 717 813 ac
733 749 852 815 alteros
868 750 1052 836 Geryones,
1075 752 1172 814 unius
1187 760 1294 814 tamen

239 863 346 927 cordis
368 872 403 926 et
425 864 547 925 animae
571 860 784 938 existimabat:
808 862 908 947 idque
926 863 1001 927 mihi
1017 864 1108 926 annis
1130 864 1215 927 vitae
1229 883 1294 926 me

237 973 381 1051 lioribus,
411 996 483 1038 cum
505 996 556 1038 me
579 977 702 1039 Romae
724 996 839 1062 graeca
864 974 1020 1039 elementa
1044 974 1184 1052 doceret,
1209 995 1295 1038 corn-

237 1086 443 1150 memorabat
490 1098 521 1149 at
544 1096 587 1164 tu,
617 1085 765 1165 Madruti,
796 1091 851 1171 qui
873 1088 1097 1151 humanissime
1121 1085 1196 1150 olim
1217 1086 1293 1150 mihi

238 1209 401 1263 auctorem
424 1199 510 1263 hunc
532 1197 699 1276 tradidisti,
722 1202 786 1263 tuis
809 1203 842 1262 in
865 1200 992 1265 arcibus
1007 1209 1080 1264 tuto
1096 1220 1293 1263 commoran-

238 1321 308 1390 tem,
331 1332 418 1375 nunc
440 1313 547 1395 recipe
571 1319 641 1375 toto
664 1310 746 1375 orbe
767 1311 963 1389 volitantem,
986 1334 1093 1377 carum
1116 1309 1293 1375 iucundum

238 1423 348 1488 utilem
369 1420 532 1486 omnibus:
563 1443 603 1487 eo
628 1433 719 1488 utere
741 1433 776 1487 et
797 1427 823 1487 si
847 1422 924 1488 licet
947 1425 1062 1502 fruere,
1091 1446 1156 1508 quo
1179 1445 1238 1508 per
1261 1434 1293 1487 tc

238 1537 356 1600 caeteri
371 1555 483 1598 omnes
498 1544 634 1598 utuntur
649 1546 681 1598 et
696 1535 849 1622 gaudent.
888 1548 920 1599 et
935 1558 1034 1621 super
1051 1539 1156 1600 omnia
1171 1555 1294 1599 memor

238 1657 308 1712 esto
331 1648 470 1711 nominis
494 1649 548 1724 tui,
572 1645 669 1732 quod,
692 1649 720 1710 si
734 1646 874 1733 Cratylo
891 1628 1056 1726 credimus,
1080 1649 1138 1712 tibi
1160 1656 1293 1711 nonest

238 1761 412 1823 oscitanter
441 1762 640 1842 impositum:
670 1781 743 1823 nam
772 1782 791 1823 a
818 1762 925 1823 matris
954 1771 1049 1824 utero
1078 1764 1124 1824 sic
1151 1769 1293 1836 rocams,

238 1854 278 1936 de
302 1884 333 1935 te
355 1873 490 1954 ipsemet
512 1870 691 1956 significare
713 1871 798 1935 veile
814 1875 900 1936 visus
924 1892 967 1950 es,
990 1871 1080 1957 quod
1095 1872 1293 1958 quandoque

237 2005 302 2048 rem
326 1982 447 2048 Christi
471 2004 542 2047 cum
563 1983 758 2068 primoribus
782 1986 1016 2061 Romanorum,
1039 1994 1189 2069 tauquam
1212 1983 1293 2048 alter

237 2093 327 2158 Atlas
357 2104 593 2158 sustentaturus
622 2105 656 2159 et
686 2095 824 2160 fortibus
855 2119 940 2160 esses
970 2106 1154 2183 gestaturus
1177 2099 1209 2160 in
1234 2097 1293 2159 hu-

119 2255 121 2258 ,
236 2210 340 2270 meris.
386 2205 511 2269 valete.
560 2205 665 2270 Pridie
688 2208 800 2272 Nonas
823 2209 941 2274 Febru.
976 2229 1134 2274 u.n.nvr.

660 2455 859 2467 ---—...

234 2684 552 2778 Reverendissimo
570 2714 608 2777 et
623 2687 873 2779 Illustrissimo
893 2705 1078 2805 Episcopo
1090 2705 1121 2778 T
1122 2705 1289 2781 ridentin.

235 2851 277 2901 ac
293 2825 480 2901 Brixinen.
498 2823 766 2926 Christophoro
784 2825 978 2919 Madrutio,
1004 2826 1039 2900 S.
1050 2825 1091 2901 R.
1104 2826 1145 2901 E.
1165 2825 1290 2902 Cardi-

234 2947 316 3037 nali,
335 2947 463 3024 Frater
482 2947 517 3022 N
518 2947 655 3023 icolaus
669 2945 863 3022 Scutellius
876 2947 1121 3039 Tridentinus,
1142 2947 1288 3024 Ordinis

257 3069 500 3145 Eremitarum
525 3068 651 3144 Sancti
664 3068 876 3167 Augustini,
902 3069 1033 3143 doctor
1051 3069 1263 3169 Theologus

662 3190 696 3264 S.
734 3189 774 3263 P.
811 3189 856 3264 D.

323 3432 387 3496 Dei
403 3431 590 3497 immortalis
604 3433 796 3518 augustiore
811 3452 902 3495 musa
919 3430 1008 3506 duce,
1026 3453 1067 3495 en
1083 3431 1122 3496 ad
1139 3444 1180 3510 te,
1196 3445 1287 3518 pater

233 3546 360 3628 optime,
376 3547 512 3609 ventitat
527 3545 731 3630 gravissimus
747 3543 863 3607 author
871 3542 1080 3623 Jamblichus,
1095 3567 1113 3608 a
1129 3545 1286 3609 columnis

233 3655 384 3719 Mercurii
400 3657 591 3721 Termarrimi
613 3653 720 3719 ferens
736 3656 977 3742 Aegyptiorum
1000 3659 1102 3740 prisca
1124 3661 1284 3743 mysteria,

233 3787 293 3828 nec
321 3764 421 3829 veluti
444 3767 598 3833 hactenus
620 3787 735 3855 magna
765 3777 916 3852 exparte
939 3772 1129 3847 conscissus,
1157 3769 1216 3834 sed
1239 3773 1287 3833 in-

233 3877 356 3963 tegrior
384 3875 495 3941 multo.
541 3881 610 3962 ipse
639 3890 746 3943 autern
768 3883 877 3964 posito
900 3880 1014 3966 pallio,
1044 3892 1169 3966 sumpta
1197 3891 1285 3969 toga,

231 3987 331 4053 mrdta
353 4010 425 4051 cum
447 3991 612 4051 maiestate
641 3991 763 4056 incedit
784 3991 966 4057 reverendo
996 3995 1100 4076 capite
1123 3994 1283 4057 sacerdos.

230 4102 315 4166 hunc
329 4119 392 4187 ego
406 4097 556 4176 habitum,
574 4109 736 4185 utcunque
747 4101 887 4167 latialem
897 4103 1122 4168 cumMinerva
1136 4104 1283 4184 texendo,

231 4211 283 4276 diu
300 4212 497 4294 multumque
520 4212 611 4274 annis
625 4210 812 4279 melioribus
829 4213 1043 4291 elaborabam
1067 4236 1132 4280 non
1149 4216 1282 4282 multum
