2776 4876
211 337 261 390 lid
1190 334 1258 398 ³‚tt

209 490 441 576 ὲλλάμπονσαν
463 492 524 575 ἔχει
546 483 607 566 τὴν
629 492 688 554 τοῦ
709 488 797 553 θεοῦ
817 489 1006 567 ἐπίπνοιαν,
1035 486 1205 555 ἀκώλυτόν
1227 513 1262 556 τε

208 606 306 695 ἑαυτῇ
328 607 459 688 παρέχει
480 595 541 678 τὴν
563 594 756 685 κατακωχὴν
777 603 832 665 καί
855 593 916 703 τὴν
930 604 1118 686 παρουσίαν
1134 603 1262 667 τελείαν

208 721 263 783 καί
285 711 534 800 ἀνεμπόδιστον.
1281 725 1296 776 3

293 826 342 891 Ἡ
354 825 382 891 δ’
397 832 432 892 ὲν
445 827 585 914 Δελφοῖς
599 824 771 913 προφῆτις,
788 819 848 886 ε’ίτε
864 816 932 886 ἀπὸ
944 818 1130 906 πνεύματος
1141 824 1262 889 λεπτοῦ

208 944 263 1006 καί
285 934 453 1025 πυρώδους
475 934 727 1024 ἀναφερομένου
749 935 859 998 ποθὲν
887 927 953 998 ἀπὸ
983 938 1123 1018 στομίου
1143 937 1262 1018 θεμισ-

208 1047 292 1117 assisa
314 1056 383 1126 τοῖς
406 1043 617 1131 ἀνθρώποις,
645 1044 707 1110 ε’ίτε
736 1048 770 1110 έν
792 1046 838 1128 τῷ
866 1040 974 1128 ἀδύτῳ
1001 1047 1180 1130 καθημένη
1208 1048 1297 1118 latit

208 1165 329 1252 δίφρου
349 1160 475 1246 χαλκοῦ
482 1167 583 1243 Ιτρεῖς
605 1152 711 1233 πόδας
732 1158 864 1241 έχοντος
883 1157 1088 1241 χρηματίζει,
1120 1155 1182 1224 είτε
1204 1160 1264 1223 καὶ.

208 1276 260 1340 επὶ
282 1274 343 1338 τοῦ
362 1267 564 1356 τετράποδος
586 1271 707 1358 δίφρου
722 1264 759 1345 ὅς
775 1273 862 1333 ἐστιν
881 1261 969 1354 ίερδς
984 1270 1043 1334 τοῦ
1059 1271 1154 1348 θεοῦ,
1176 1292 1261 1333 παν·

207 1388 288 1474 ταχῇ
312 1379 396 1449 οὕτω
420 1383 553 1447 δίδωσιν
574 1374 694 1457 ἑαυτὴν
709 1381 757 1462 τῷ
772 1381 858 1461 θείῳ
874 1375 1041 1463 πνεύματι,
1065 1375 1133 1445 ἀπό
1153 1398 1187 1445 τε
1201 1381 1296 1456 erige

209 1499 268 1562 τοῦ
295 1496 395 1560 θείου
422 1485 525 1578 πυρός
552 1489 685 1567 ἀκτῖνος
709 1486 957 1573 καταυχάζεται.
1009 1493 1065 1557 καί
1092 1485 1176 1556 ὅταν
1201 1493 1261 1573 μέν

210 1601 345 1692 ἀθρόον
363 1607 419 1669 καὶ
435 1596 519 1668 πολῦ
535 1596 573 1668 τὸ
589 1597 843 1689 ἀναφερόμενον
865 1595 933 1666 ἀπὸ
955 1603 1014 1667 τοῦ
1038 1602 1176 1684 στομίου
1196 1604 1262 1688 πῦρ

208 1714 313 1800 κύκλῳ
335 1710 552 1799 πανταχόθεν
574 1705 678 1790 αὐτὴν
700 1714 841 1801 περιέχῃ,
869 1713 1052 1799 πληροῦται
1081 1708 1137 1776 ἀπ’
1157 1708 1262 1791 αὐτοῦ
1281 1721 1313 1771 12

209 1829 310 1903 θείας
331 1824 448 1910 αὐγῆς
479 1819 562 1889 ὅταν
584 1825 618 1888 δὲ
641 1827 685 1897 είς
708 1823 807 1906 έδραν
829 1823 987 1913 ένιδροθῇ
1015 1826 1073 1890 τοῦ
1095 1825 1194 1902 θεοῦ,
1224 1827 1261 1914 τῇ

209 1937 365 2021 σταθερᾷ
386 1937 446 2000 τοῦ
460 1938 547 2000 θεοῦ
568 1936 707 2020 μαντικῇ
723 1929 858 2018 δυνάμει
873 1931 1125 2017 συναρμόζεται·
1148 1931 1183 2013 ἐξ
1197 1932 1261 2018 ἀμ-

209 2053 359 2136 φοτέρων
388 2049 421 2112 δὲ
450 2042 694 2111 τῶντοιούτων
722 2048 938 2134 παρασκευῶν
968 2041 1028 2126 ὅλη
1056 2050 1182 2130 γίνεται
1202 2047 1313 2112 territt»

209 2159 306 2224 θεοῦ.
351 2161 407 2224 καί
429 2153 503 2223 τότε
527 2150 567 2235 δὴ
590 2152 747 2242 πάρεστιν
769 2155 852 2248 αὐτῇ
871 2160 1038 2242 χωριστῶς
1060 2152 1181 2235 ὁθεός
1195 2164 1262 2225 dsu-¹

208 2264 354 2353 λάμπιον,
378 2275 485 2356 έτερος
508 2264 552 2334 siv
573 2271 628 2333 καί
653 2269 711 2333 τοῦ
733 2261 835 2355 πυρὸς
857 2271 913 2335 καί
927 2271 987 2334 τοῦ
1001 2264 1186 2353 πνεύματος
1202 2272 1262 2335 καί

279 2501 303 2551 2.
332 2495 401 2570 αὐτῇ
422 2500 474 2552 Ac.
548 2501 571 2550 3.
600 2501 645 2550 καί
663 2519 713 2551 om.
736 2500 787 2552 AC.
866 2501 943 2552 7-8.
970 2507 1038 2570 τρεῖς
1057 2497 1141 2560 πόδας
1159 2504 1262 2566 ἔχοντες

279 2585 484 2656 -τετράποδος
506 2575 710 2656 δίφρουῙδυεε
732 2584 874 2638 iudicantur
896 2585 1000 2658 Pythiae
1027 2585 1160 2638 sacerdotis
1181 2585 1261 2646 sellae,

279 2689 386 2739 warum
405 2672 479 2723 altera
498 2671 584 2731 tribus,
603 2671 677 2723 altera
696 2685 813 2740 quattuor
831 2671 937 2740 pedibus
953 2672 1125 2724 fulciebantur.
1158 2671 1262 2740 dequi-

280 2757 327 2807 bus
349 2755 415 2807 sellis
438 2755 511 2807 oliam
535 2756 602 2822 apud
626 2770 715 2808 veteres
738 2757 869 2826 scriptores
892 2757 1004 2810 notitiam
1027 2760 1118 2810 frastra
1144 2757 1261 2826 quaesivi.

281 2840 310 2892 C.
334 2842 366 2894 O.
390 2841 492 2892 Metteri
515 2840 711 2894 dissertationem
735 2844 767 2894 de
789 2842 887 2913 tripode
909 2844 1034 2913 Delphico
1056 2839 1261 2914 inspicere-mihi

281 2946 332 2978 uon
345 2926 422 2978 licuit.
495 2929 536 2979 10.
557 2930 637 2979 θείου
655 2948 706 2980 om.
719 2928 751 2981 0.
827 2931 867 2982 12,
887 2934 990 3001 περιέχῃ
1003 2929 1098 3000 scripsi,
1116 2935 1219 3003 περιέχη
1232 2934 1263 2991 Α,

281 3017 392 3082 περιέχει
410 3010 485 3076 (corr.
505 3010 621 3082 περιέχη)
641 3014 674 3076 Ι),
693 3017 804 3083 περιέχει
822 3015 854 3068 0.
927 3017 969 3069 tt.
981 3017 1022 3068 17.
1051 3017 1189 3087 έπιλάμπει
1209 3016 1262 3068 AG.

209 3243 421 3321 suscipiendum:
445 3254 472 3299 et
490 3265 540 3322 per
557 3243 623 3301 haee
642 3245 750 3321 quidem
766 3266 861 3323 puram
878 3249 982 3303 animae
999 3267 1064 3312 snae
1085 3245 1203 3304 tabulam
1224 3247 1265 3303 di-

209 3333 287 3386 viuae
306 3330 454 3386 substernit
476 3333 646 3407 inspirationi
669 3330 818 3408 affulgenti‚
842 3333 1026 3391 obsessionem
1047 3331 1134 3389 efficit·
1151 3332 1264 3389 liberam

209 3426 237 3472 et
253 3419 432 3493 praesentiam
450 3415 595 3494 perfectam
613 3417 824 3495 expeditamque.
1057 3492 1059 3497 Ι
1119 3468 1121 3472 ,

279 3501 384 3578 Sibylla
400 3505 431 3558 in
448 3501 578 3579 Delphis,
600 3506 660 3561 sive
677 3522 727 3580 per
744 3505 868 3581 spiritum
885 3514 993 3561 tenuem
1011 3515 1038 3563 et
1054 3506 1159 3581 igneum
1177 3523 1264 3560 erum·

208 3596 317 3664 pentem
334 3609 368 3644 ex
385 3589 455 3643 autri
475 3607 521 3643 ore
539 3587 690 3645 bominibus
708 3588 815 3646 oracula
833 3589 928 3657 fundit,
947 3593 1005 3648 sive
1024 3593 1051 3647 in
1063 3588 1150 3666 >adyto
1164 3589 1262 3647 sedena

209 3690 291 3749 super
308 3693 417 3729 aeneum
432 3674 581 3751 tripodem,
604 3685 649 3732 aut
666 3685 697 3731 ut
714 3676 746 3732 lit
763 3695 845 3753 super
862 3676 957 3733 sellam
975 3688 1101 3754 quattuor
1121 3675 1261 3733 habentem

208 3757 292 3834 pedes
310 3758 361 3813 deo
379 3779 481 3816 sacram
499 3781 629 3839 responsa
646 3760 751 3838 prodat,
770 3763 913 3838 utrobique
930 3783 962 3820 se
980 3763 1026 3820 dat
1042 3763 1134 3820 divino
1147 3762 1260 3840 spiritui,

208 3842 372 3906 anderadio
390 3844 474 3901 divim
491 3848 560 3922 ignis
578 3847 735 3903 illustratur.
770 3858 812 3904 et
835 3848 941 3924 ηοεειδο
964 3851 1095 3924 contingit
1116 3847 1190 3904 illam
1212 3848 1263 3902 eir·

209 3928 339 4003 enmeiugi
359 3931 470 4006 copioso
489 3953 521 3988 ex
539 3936 608 3989 antri
626 3954 674 3989 ore
691 3933 836 4010 profluenti
855 3936 924 4011 igne,
944 3934 1035 3991 divino
1048 3933 1195 4012 splendore
1206 3942 1263 3988 tota

208 4013 335 4091 repletur.
383 4016 479 4070 iterum
497 4018 602 4091 quando
621 4029 734 4097 occupat
752 4019 795 4076 dei
814 4019 921 4088 sellam,
944 4021 1161 4078 accommodatur
1183 4018 1263 4075 stabi·

208 4099 270 4156 liter
287 4100 442 4157 divinatriei
459 4100 504 4156 dei
521 4107 666 4178 potentiae:
687 4107 809 4182 utrisque
826 4126 891 4162 veru
909 4105 952 4162 bis
965 4107 1137 4184 apparatibus
1149 4106 1261 4166 detenta
1363 4136 1367 4140 ·

208 4185 339 4244 fitvates,
387 4186 465 4243 adest
482 4189 507 4242 ei
525 4207 590 4243 saue
607 4199 670 4246 tune
693 4190 760 4248 deus
782 4203 810 4250 et
831 4191 940 4268 affulget
962 4195 1172 4271 separatim‚..et
1194 4191 1262 4247 alius
