2776 4876
163 358 201 412 oo
1149 350 1175 414 1,
1186 348 1217 403 ²1

165 510 363 600 ἀνθρώπινα
390 508 507 591 πάθη,
536 514 592 577 καὶ
620 503 688 577 ἀπὸ
717 512 783 575 τῶν
810 504 889 592 παρ’
909 511 1039 582 ἑαυτοῖς
1067 502 1110 570 τά
1136 509 1221 571 θεῖα

164 629 403 712 τεκμαίρονται.
436 617 699 708 διαμαρτάνουσι
713 623 825 687 τοίνυν
839 617 948 686 αὐτῶν
963 619 1044 710 διχῇ,
1063 619 1120 685 καὶ
1136 613 1221 685 διότι

165 741 230 804 τῶν
251 739 355 801 θείων
376 733 602 801 ἀποπίπτουσι
616 734 672 799 καὶ
690 729 776 799 διότι
796 727 922 798 τούτων
936 725 1221 816 ἀποτυγχάνοντες
1237 741 1252 794 ³

165 852 218 914 επὶ
240 844 282 914 τά
305 843 505 933 ἀνθρώπινα
528 841 613 912 αὐτὰ
634 839 736 928 πάθη
751 845 983 910 καθέλκουσιν.
1017 845 1119 927 izorio
1132 842 1170 907 rii
1183 864 1220 924 γε

164 962 222 1025 καὶ
243 963 309 1026 τῶν
331 956 485 1036 ὡσαύτως
506 959 680 1042 δρωμένων
701 949 785 1044 πρός
805 950 910 1032 θεοὺς
930 955 987 1023 καὶ
1008 949 1220 1040 ἀνθρώπους,

165 1069 238 1138 οἷον
259 1072 480 1158 προκυλίσιων
501 1063 754 1161 προσκυνήσων
767 1067 897 1152 δωρεῶν
911 1063 1078 1152 ἀπαρχῶν,
1099 1060 1146 1148 μὴ
1160 1057 1220 1131 τόν
1235 1081 1251 1132 ε

165 1177 268 1249 αὐτόν
288 1176 537 1265 ὑπολαμβάνειν
558 1175 684 1264 τρόπον
704 1175 754 1243 ἐπ’
774 1170 1091 1268 apportarentur&
1106 1177 1141 1241 δὲ
1158 1169 1220 1254 τὴν

165 1297 219 1360 ἐπὶ
240 1288 282 1359 τά
304 1289 479 1379 τιμιώτερα
501 1283 670 1380 διαφορὰν
695 1291 796 1375 χωρὶς
817 1291 951 1354 τιθέναι
977 1283 1134 1374 ἑκάτεροι,
1163 1291 1221 1356 καὶ

166 1400 209 1470 roi
224 1407 285 1490 μὲν
299 1401 343 1480 ὡς
358 1405 440 1469 θεῖα
463 1397 707 1486 ἀποσεμνύνων,
729 1395 772 1466 τό
794 1401 830 1466 δὲ
852 1398 895 1476 ὡς
916 1395 1116 1486 ἀνθρώπινα
1131 1398 1252 1483 ἡγεῖ-τ

166 1518 254 1582 σθαι
281 1509 571 1603 εὐκαταφρόνητα,
606 1515 663 1578 καὶ
690 1516 756 1579 τῶν
783 1516 844 1598 μὲν
871 1505 971 1591 πάθη
999 1506 1131 1577 διδόναι
1159 1504 1220 1591 τὴν

165 1625 373 1711 ἀπεργασίαν
402 1627 467 1692 τῶν
495 1649 530 1690 τε
558 1621 741 1691 ποιούντων
769 1626 825 1690 καὶ
861 1617 945 1709 πρὸς
972 1617 1029 1700 οὓς
1062 1626 1220 1706 γίνονται,

166 1734 387 1823 (ἀνθρώπινα
402 1735 467 1821 γάρ
490 1739 637 1803 ἐστικαὶ
659 1736 885 1819 σωματοειδῆ)
908 1735 1029 1802 τῶνδὲ
1051 1715 1107 1801 διά
1129 1729 1220 1803 θαό·
1237 1743 1267 1797 tt

164 1872 271 1933 ματος
286 1846 448 1934 ἀτρέστου
464 1850 521 1912 καὶ
537 1847 659 1930 σεμνῆς
672 1843 913 1924 καταστάσεως,
933 1849 1052 1933 νοερᾶς
1064 1870 1100 1912 τε
1112 1849 1220 1934 χαρᾶς

166 1963 223 2026 καὶ
244 1961 385 2044 βεβαίας
406 1954 538 2042 γνώμης
566 1956 839 2043 ἀπεργαζομένων
867 1961 967 2043 τιμᾶν
995 1953 1220 2048 διαφερόντως

164 2067 225 2151 τὴν
245 2076 417 2157 ἐνέργειαν,
439 2066 549 2150 ἐπειδὴ
570 2081 641 2147 τοῖς
662 2074 759 2148 θεοῖς
781 2068 991 2137 ἀνατίθεται.
1235 2087 1267 2137 τε

234 2265 259 2317 6.
286 2266 445 2338 προκλίσευν
463 2264 497 2317 0.
628 2263 653 2316 9.
679 2277 735 2333 post
754 2258 913 2337 ἀνθρόπινα
931 2263 991 2315 libri
1009 2282 1104 2324 omues,
1121 2275 1219 2333 praeter

233 2350 388 2404 CDaddunt
405 2355 540 2419 γενέσθαι,
559 2350 627 2418 quod
640 2350 780 2401 redundare
798 2348 895 2402 monuit
914 2349 978 2401 Gale
991 2363 1041 2401 not.
1105 2351 1148 2402 11.
1175 2344 1217 2414 τε]

233 2440 261 2490 δὲ
279 2439 311 2490 Α.
333 2431 345 2505 ΙΙ
366 2435 442 2506 πρὸς]
462 2438 513 2509 πρὸ
531 2437 563 2490 Β.
645 2439 687 2489 12.
717 2437 889 2506 σωματοειδῆ
907 2437 942 2493 Ι).
1026 2437 1068 2488 11.
1095 2431 1216 2507 ἀπεργα·

233 2524 330 2593 ζομόνῳ
350 2523 408 2576 BD.

163 2701 226 2748 sunt
243 2691 277 2748 de
295 2691 395 2748 divinis
413 2692 581 2748 coniecturas
600 2689 769 2748 fabricantur.
815 2691 848 2746 ab
870 2693 903 2747 iis
926 2693 1007 2768 igitur
1029 2690 1153 2745 aberrant
1171 2689 1218 2747 du·

163 2775 278 2853 pliciter,
296 2786 324 2831 et
342 2777 414 2852 quod
432 2799 446 2833 a
464 2777 563 2833 divinia
581 2777 712 2845 excidant,
732 2787 759 2833 et
771 2776 843 2853 quod
855 2777 898 2832 his
910 2779 1018 2834 omissis
1031 2776 1065 2832 εδ
1076 2779 1217 2854 passiones

162 2861 290 2918 humanas
307 2861 473 2920 divinitatem
484 2863 625 2920 deducant
657 2884 750 2921 verum
762 2863 881 2940 oportuit
893 2883 938 2918 cas
950 2883 994 2920 res
1008 2884 1076 2939 quae
1087 2862 1217 2919 adversus

162 2947 284 3004 homines
302 2956 329 3002 et
347 2946 413 3004 deos
431 2948 557 3006 similiter
572 2959 750 3027 praestantur,
774 2959 804 3005 ut
821 2957 885 3003 sunt
907 2947 1106 3024 genuflexiones
1124 2949 1218 3005 adora·

163 3034 252 3090 tiones
270 3024 380 3089 munera
396 3036 538 3112 primitiae,
557 3055 612 3092 non
629 3034 723 3091 eodem
740 3034 821 3091 modo
833 3035 959 3110 utrinque
970 3035 1148 3113 interpretari,
1167 3034 1218 3091 ετδ

162 3129 274 3196 utraque
292 3120 408 3175 seorsim
426 3120 604 3190 considerare,
627 3131 709 3198 prout
725 3123 886 3200 pretiosiora
904 3121 1032 3197 distingui
1050 3119 1127 3176 decet
1144 3140 1160 3175 s
1177 3123 1218 3179 vi·

162 3205 242 3274 libus,
261 3215 288 3261 et
304 3204 352 3262 ilia
370 3205 477 3282 qudem
494 3209 615 3263 venerari
630 3219 662 3264 ut
673 3228 741 3285 quae
753 3209 843 3264 divina
854 3208 917 3274 sint,
934 3206 1000 3263 haec
1016 3208 1142 3283 quoniam
1153 3215 1218 3262 sunt

161 3290 274 3348 humana
293 3293 457 3369 contemptui
474 3290 583 3362 habere,
606 3292 672 3350 haec
689 3297 829 3372 passiones
846 3292 952 3351 efficere
968 3302 1026 3351 tum
1043 3295 1072 3348 in
1090 3292 1217 3348 danflbus

161 3388 218 3435 tum
240 3379 269 3434 in
293 3377 486 3456 accipientibus
508 3382 614 3456 quoties
636 3379 718 3448 fiunt,
741 3385 820 3449 (sunt
843 3381 913 3436 enim
935 3377 1047 3434 humana
1070 3387 1098 3434 ct
1120 3396 1217 3461 eorpo-

161 3465 232 3532 τοε),
250 3463 296 3520 illa
308 3483 373 3521 sero
391 3474 526 3521 eteorum
544 3468 726 3544 operationem
742 3466 914 3524 vehementer
930 3464 1070 3532 honorare,
1089 3466 1217 3540 quoniam

162 3549 230 3605 flunt
260 3549 369 3607 silentio
395 3551 511 3628 quodam
533 3553 619 3629 gravi,
651 3562 678 3608 et
699 3551 844 3609 venerabili
865 3553 1039 3610 consistentia
1060 3550 1164 3607 animas
1189 3559 1218 3606 et

162 3634 257 3711 gaudio
275 3639 372 3695 mentis
389 3649 417 3695 et
433 3638 534 3697 iudicio
552 3638 655 3707 stabili,
672 3647 767 3717 utpote
785 3659 853 3716 quae
870 3639 905 3696 εδ
922 3638 988 3696 deos
1006 3635 1163 3692 reiciantur.
