2776 4876
213 362 283 427 l‚²1
1229 375 1265 428 es

209 522 392 607 δρωμένων.
438 525 519 587 ποία
541 517 606 609 γὰρ
629 523 778 608 ἁγιστεία
800 530 856 592 καὶ
883 523 969 593 κατὰ
997 526 1120 610 νόμους
1141 535 1264 616 ἱερατι-

208 625 286 708 κοῶς
306 633 475 719 θεραπεία
502 635 650 720 δρωμένη
681 633 901 716 ‹taam-toea
922 642 1061 723 γίνεται,
1090 634 1112 721 ἢ
1138 643 1264 706 παθῶν

173 739 284 808 ετινιὶ
305 740 542 833 ἀποπλήρωσιν
564 751 709 831 εμποιεῖς
738 746 798 834 οὐχ
820 745 909 830 αὕτη
927 754 987 835 μὲν
1008 746 1094 816 κατὰ
1115 751 1264 836 θεσμοὺς

207 856 301 921 θεῶν
328 858 450 942 νσερῶς
477 880 513 922 τε
540 855 613 922 κατ’
639 854 744 945 ἀργὰς
769 859 1026 945 ενομοθετήθη;
1054 871 1202 946 μιμεῖται
1228 863 1264 928 δὲ

202 961 271 1048 τὴν
290 969 357 1034 τῶν
377 969 471 1035 θεῶν
492 965 594 1048 τάξιν,
619 965 681 1050 τήν
703 995 736 1036 τε
759 966 883 1052 νοητὴν
904 977 960 1038 καὶ
982 969 1044 1055 τὴν
1065 980 1101 1040 εν
1122 971 1262 1060 οὐρανῷ.

172 1080 272 1164 εὔχεο
293 1079 328 1145 tt
349 1085 453 1166 μετρα
475 1084 541 1146 τῶν
564 1074 670 1148 ὄντων
685 1081 779 1148 ἀίδια
801 1087 859 1148 καὶ
873 1081 1053 1171 ἐνθήματα
1067 1082 1263 1170 θαυμαστά,

207 1186 264 1258 οἷα
286 1186 353 1257 ἀπὸ
375 1194 436 1258 τοῦ
458 1193 660 1280 δημιουργοῦ
681 1197 738 1260 καὶ
758 1190 885 1279 πατρὸς
905 1198 971 1260 τῶν
993 1192 1080 1263 ὅλων
1094 1196 1191 1282 δεῦρο
1204 1219 1264 1260 κα-

205 1305 460 1394 ταπεμφθεντα,
487 1299 538 1380 οἷς
560 1307 616 1369 καὶ
644 1301 688 1371 τὰ
708 1309 768 1390 μὲν
796 1300 976 1397 ἄφθεγκτα
1004 1303 1060 1373 διὰ
1088 1305 1264 1405 συμριᾌων

172 1411 404 1502 εᾶπορρήτων
425 1421 627 1504 ἐκφωνεῖται,
649 1415 691 1482 τὰ
713 1418 749 1482 δε
770 1415 901 1483 ἀναιδέα
924 1428 1092 1506 κρατεῖται
1106 1424 1141 1483 εν
1157 1417 1263 1493 elbam,

206 1519 439 1607 tritinsium
461 1524 586 1625 six-moe
606 1531 777 1614 κρείττονα
800 1527 841 1594 δι’
863 1526 996 1621 siginus
1025 1527 1261 1606 ἀποτοποῶται,

206 1633 318 1703 πάντα
341 1639 375 1703 δὲ
398 1632 453 1703 διὰ
477 1641 577 1716 θείας
592 1643 702 1715 αἰτίας
715 1636 821 1722 μόνης
834 1643 1035 1720 ἐπιτελεῖται,
1055 1637 1129 1720 ἥτις
1142 1644 1261 1706 τοσοῦ-

155 1757 190 1808 12
206 1771 268 1816 τον
289 1745 481 1838 κεχώρισται
502 1754 569 1817 τῶν
590 1753 724 1828 παθῶν,
750 1747 832 1817 ὥστε
854 1752 936 1834 μηδὲ
959 1748 1061 1835 λόγον
1082 1749 1185 1832 αὐτῆς
1207 1753 1262 1817 ὃν·

206 1855 311 1926 νατόν
333 1858 417 1926 εἶναι
439 1858 663 1951 ἐφάπτεσθαι

295 1967 432 2058 Σχεδὸν
454 1964 584 2039 οὖνκαὶ
599 1977 698 2041 τοῦτο
714 1972 822 2039 ultam
834 1978 948 2058 γέγονε
963 1975 1022 2051 τῆς
1037 1975 1090 2038 ἐπὶ
1103 1968 1147 2038 τὰ
1161 1970 1263 2053 παθη

156 2087 189 2138 1⁶
207 2088 273 2150 τῶν
294 2088 446 2152 ἐπινοιῶν
467 2089 693 2172 παρατροπῆς.
731 2081 889 2152 ἀδύνατοι
910 2079 975 2170 γὰρ
998 2081 1091 2161 ὄντες
1104 2081 1214 2150 αὐτῶν
1229 2089 1262 2149 οὶ

206 2190 385 2281 ἄνθρωποι
408 2198 573 2281 λογισμῶν
595 2194 655 2276 τὴν
677 2197 799 2279 γνῶσιν
821 2197 995 2280 ἐπιλαβεῖν.
1018 2195 1206 2278 νομίζοντες
1228 2196 1262 2260 δὲ

209 2302 296 2373 εἶναι
318 2302 461 2374 δυνατὸν
484 2311 644 2397 φέρονται
673 2302 745 2372 ὅλοι
766 2302 849 2392 πρὸς
871 2301 913 2372 τοὶ
941 2313 1044 2372 οἰκεῖα
1072 2309 1197 2373 ἑαυτῶν
1219 2301 1262 2370 τὰ

280 2509 303 2557 1.
332 2502 455 2575 ἅγιστελα
474 2508 504 2558 Β.
581 2509 605 2558 4.
634 2507 770 2577 καταρχὰς
789 2507 822 2559 Ι).
842 2503 855 2572 ΙΙ
875 2513 976 2575 μιμεῖιε
995 2505 1029 2585 Il.
1105 2491 1130 2559 li
1158 2504 1262 2574 συνθὴ·

277 2613 352 2662 ματα
371 2593 435 2645 Gale
454 2609 505 2646 not.
578 2594 601 2645 8.
630 2595 675 2644 καὶ
691 2590 744 2658 τὰ]
768 2591 893 2646 κατὰτὰ
913 2595 944 2655 Α,
972 2591 1044 2645 κατὰ
1061 2591 1096 2644 D.
1167 2592 1192 2643 9.
1220 2596 1262 2644 ὲκ-

278 2685 400 2749 φανεῖται
412 2681 446 2733 0.
494 2669 1263 2754 14.πάθη]ιὶεΑΟΙ““ειε1ι.Ριος.,πλὴθηο17.εῗναι

278 2782 328 2816 om.
348 2766 382 2818 0.
403 2758 415 2833 ll
436 2761 496 2819 ὅλον
516 2764 550 2818 0.
571 2758 583 2833 l}
604 2766 689 2818 ἑαυτὰ
708 2763 758 2818 τῶν
777 2760 936 2836 ἀνθρώπινα
955 2763 988 2817 0.

206 2941 287 2997 ficiis.
323 2961 390 3018 quae
409 2943 481 2997 enim
498 2940 606 2997 tandem
624 2952 666 2998 est
683 2940 791 3018 religio,
814 2943 861 3017 qui
884 2939 972 2999 cultus
994 2944 1066 2999 iuxta
1085 2939 1264 3016 legessacer·

208 3025 314 3083 dotales
332 3029 487 3104 praestitus,
513 3028 559 3103 qui
576 3046 626 3104 per
643 3030 784 3105 passiones
802 3028 940 3104 perficitur
964 3036 1009 3101 aut
1030 3025 1200 3105 passionibus
1220 3046 1262 3082 ex·

208 3112 315 3190 plendis
334 3114 518 3192 comparatur?
553 3134 642 3170 nonne
661 3116 746 3170 omnis
764 3135 902 3171 sacrorum
925 3111 1018 3185 cultus·
1035 3111 1182 3168 seeundum
1200 3110 1262 3167 deo·

208 3219 267 3257 rum
284 3199 358 3277 leges
376 3210 404 3256 et
421 3200 501 3257 modo
520 3198 696 3257 intellectuali
713 3201 746 3255 ab
765 3202 842 3257 initio
860 3199 1043 3257 sanciebatur?
1069 3195 1187 3253 imitatur
1199 3216 1263 3252 sane

208 3285 319 3343 deorum
337 3296 478 3363 utrumque
496 3285 627 3355 ordinem,
649 3296 706 3343 turn
728 3284 924 3362 intelligibilem
942 3296 998 3342 tum
1015 3287 1043 3341 in
1062 3282 1136 3340 caelo
1156 3285 1261 3359 conspi-

208 3387 298 3437 cuusn3
318 3376 438 3431 continet
455 3375 535 3429 etiam
553 3391 691 3428 mensuras
710 3392 799 3428 rernm
817 3383 938 3433 aeternas
957 3382 984 3427 et
995 3381 1111 3429 tesseras
1130 3371 1206 3445 qnasi
1218 3368 1262 3424 ad·

207 3457 354 3526 mirabiles,
372 3469 467 3536 utpote
485 3460 519 3516 ab
537 3458 635 3535 opifice
652 3469 680 3515 et
697 3460 817 3515 universi
834 3456 979 3537 patrebus:
998 3457 1136 3525 demissas,
1159 3458 1188 3511 in
1206 3457 1262 3532 qui·

206 3544 258 3601 bus
283 3564 337 3620 ope
359 3543 542 3619 symbolorum
565 3542 783 3615 inenarrabilium
806 3563 900 3601 arcana
922 3542 1005 3599 multa
1027 3543 1206 3611 declarantur,
1235 3552 1262 3598 et

207 3649 276 3708 quae
299 3628 381 3686 nullis
403 3628 496 3687 formis
516 3650 568 3707 per
589 3650 620 3688 se
642 3632 792 3708 vestiuntur
813 3639 939 3686 tenentur
961 3627 1119 3698 deformata,
1145 3639 1173 3685 et
1196 3650 1263 3706 qpae

208 3735 315 3773 omnem
333 3716 475 3791 imaginem
493 3725 622 3792 superant
638 3716 785 3793 ligurantur
802 3716 968 3791 imaginibus,
992 3719 1080 3771 omnia
1098 3726 1185 3771 autern
1202 3734 1262 3793 per-

207 3802 335 3858 lieinntur
358 3820 407 3878 per
430 3822 535 3857 causam
562 3801 679 3857 divinam
703 3800 788 3857 solam
816 3820 883 3875 quae
906 3822 921 3854 a
943 3800 1114 3877 passionibus
1138 3804 1261 3859 omnibus

208 3887 275 3944 adeo
295 3898 441 3964 separatur,
460 3897 490 3945 ut
507 3908 542 3943 ne
560 3889 630 3942 ratio
648 3887 756 3962 quidem
773 3896 865 3942 nostra
882 3889 970 3962 possit
988 3907 1045 3943 eam
1064 3890 1201 3964 attingere.

280 3974 373 4050 Atque,
388 3972 438 4029 bac
461 3971 516 4029 fere
535 3972 569 4028 de
592 3992 671 4027 causa
693 3973 883 4048 cogitationum
905 3972 939 4029 tle
962 3975 1133 4050 passionibus
1157 3994 1260 4030 errores

210 4063 338 4117 oriuntur.
388 4081 448 4116 cum
467 4061 537 4115 enim
560 4059 682 4114 bomines
705 4057 777 4133 quod
799 4078 891 4115 revera
914 4079 968 4116 non
990 4071 1104 4137 possunt
1126 4080 1209 4136 posse
1231 4081 1261 4115 se

210 4145 332 4214 credant,
359 4149 538 4223 cognitionem
557 4147 663 4222 assequi
681 4147 813 4201 rationum
830 4146 927 4222 quibus
945 4167 1019 4202 sacra
1037 4149 1169 4213 nituntur,
1193 4147 1261 4202 abri-

209 4235 320 4309 piuntur
337 4235 388 4289 toti
411 4232 445 4289 ad
468 4253 530 4290 suas
555 4234 675 4311 ipsorum
697 4234 850 4310 passiones,
874 4244 901 4289 et
923 4235 1033 4291 existis
1059 4251 1125 4307 qnae
1147 4231 1260 4290 bumana

1080 4345 1095 4393 5
