2776 4876
506 365 652 445 Porphyrii
671 364 795 443 epistola.
1105 382 1184 423 uun

127 522 316 614 ἀπόρροιαν
338 517 361 605 ἢ
382 521 468 605 ζωὴν
489 519 513 606 ἢ
535 522 676 610 δύναμιν
692 531 737 602 εἰς
757 522 847 608 ἡμᾶς
870 523 928 591 ἀπ’
946 523 1049 591 αὐτοῦ
1070 522 1183 606 καθή-

127 659 193 719 κεις
222 635 283 703 εἴτε
305 635 491 726 ὑφέστηκεν
512 636 575 704 εἴτε
596 633 662 723 μή,·
690 639 747 702 καὶ
770 643 797 702 εὶ
820 635 842 717 ἡ
866 632 991 720 εὕρεσις
1012 640 1072 702 τοῦ
1095 643 1183 703 οὶκο-

90 764 108 815 3
128 745 292 815 δεσπότου
314 744 478 826 ἀδύνατός
500 755 587 815 ἐστιν
609 746 632 828 ἢ
654 745 777 828 δυνατή
784 777 795 831 ,·
817 752 873 815 καὶ
888 747 931 826 ὡς
946 739 1043 823 οὗτος
1057 737 1099 827 ἦν
1115 741 1183 835 ἄρα

128 855 293 944 εὐδαίμων
315 855 406 937 ὅστις
427 853 554 943 μαθων
576 855 615 925 τὸ
639 864 751 946 σχῆμα
773 863 832 940 τῆς
854 858 958 926 αὐτοῦ
972 863 1126 942 γενέσεως
1140 852 1182 923 τὰ

128 973 309 1056 εἱμαρμένα
332 967 504 1037 ἐκλύσαντα
528 975 626 1056 γνοῦς
648 970 708 1038 τὸν
730 974 849 1037 ἑαυτοῦ
872 970 1024 1055 δαίμονα.

91 1103 109 1154 ε
216 1077 314 1147 Ἀλλὰ
336 1086 393 1148 καὶ
416 1088 447 1150 οἱ
469 1079 605 1162 κιὲνονες
627 1085 686 1163 τῆς
707 1084 982 1168 γενεθλιαλογίας
1003 1085 1084 1148 εἰσὶν
1098 1080 1181 1147 ἀνα·
1199 1083 1239 1142 40

126 1195 292 1279 ρίθμητοι
307 1198 364 1260 καὶ
379 1191 622 1274 ἀκατάληπτον
645 1190 731 1260 ἀλλὰ
746 1190 986 1270 sarcasmos
1001 1198 1046 1270 εὶς
1060 1195 1181 1277 γνῶσιν

126 1303 149 1384 ἡ
171 1302 395 1391 μαθηματικὴ
412 1302 582 1391 ἐπιστήμη,
604 1300 711 1386 πολλὴ
726 1299 790 1391 γὰρ
806 1305 973 1395 διαφωνία
988 1308 1063 1389 περὶ
1078 1298 1182 1383 αὐτὴν

91 1436 108 1488 ο
127 1418 270 1499 μέμονεν,
291 1416 383 1483 καὶὸ
402 1415 588 1510 Χαιρήμων
610 1412 707 1484 ἄλλοι
721 1441 756 1483 τε
770 1419 888 1483 πολλοὶ
909 1411 993 1504 πρὸς
1007 1411 1112 1497 αὐτὴν
1125 1419 1181 1482 καὶ

125 1523 368 1614 ἀντειρήκασιν.
455 1570 457 1574 .

214 1636 271 1716 Ὡς
295 1639 315 1720 ἡ
337 1643 401 1707 τοῦ
422 1637 656 1706 οἰκοδεσπότου
676 1643 737 1721 τῆς
759 1645 912 1724 γενέσεως
934 1642 1044 1727 λῆψις,
1072 1634 1095 1720 ἢ
1117 1643 1181 1705 τῶν
1198 1644 1236 1701 41

71 1767 108 1818 12
128 1748 450 1826 οἰκοδεσποτούντων
472 1759 499 1818 st
521 1755 653 1829 πλείους
675 1750 738 1818 εἶεν
760 1748 848 1830 ἑνός,
878 1746 994 1838 σχεδὸν
1019 1755 1076 1818 καὶ
1096 1750 1176 1839 παρ’

125 1859 240 1938 αὐτοῖς
262 1860 473 1947 ὁμολογεῖται
494 1862 578 1930 εἶναι
600 1861 841 1943 ἀκατάληπτος,
864 1861 927 1952 ἀφ’
948 1854 988 1929 οὗ
1010 1861 1051 1944 δή
1074 1885 1181 1956 φασιν

125 1979 250 2040 ἐνεῖναι
271 1969 331 2040 τὸν
354 1981 476 2043 οἰκεῖον
496 1980 711 2061 καταμαθεῖν
733 1977 888 2061 δαίμονα.
918 2032 921 2036 ,

71 2108 107 2159 15
211 2080 283 2151 ’Ἔτι
304 2088 354 2165 δὲ,
384 2086 414 2152 εἲ
440 2111 530 2165 τινος
559 2091 625 2153 τῶν
647 2094 682 2153 ὲν
699 2086 785 2172 ημῖν
806 2089 915 2173 μερῶν
942 2084 1070 2170 ἡγεῖται
1098 2088 1181 2166 ἰ’διος
1197 2103 1237 2162 42

127 2198 274 2282 δαίμωνς
297 2200 388 2264 δοκεῖ
407 2197 473 2285 γάρ
495 2220 581 2264 τισιν
603 2194 655 2264 ὅτι
676 2201 732 2264 καὶ
754 2196 840 2264 κατὰ
855 2202 937 2285 μέρη
954 2203 1013 2264 τοῦ
1027 2198 1181 2285 σώματος

126 2306 326 2399 ἐφεστήκασι
347 2311 511 2395 δαίμονες,
533 2310 644 2396 ὑγείας
665 2313 723 2376 καὶ
744 2313 803 2375 τοῦ
819 2308 924 2386 ε’ίδονς
939 2313 1070 2391 καὶτῆς
1085 2310 1180 2390 ἕξεως

75 2438 108 2489 18
127 2424 188 2500 τῆς
211 2427 246 2486 ἐν
269 2420 383 2499 αὐτοῖς
405 2416 498 2500 ὄντες
521 2432 675 2509 σανοχεῖς,
697 2424 752 2487 καὶ
776 2417 827 2486 ὅτι
842 2418 887 2498 εἷς
902 2422 954 2486 ἐπὶ
968 2424 1051 2488 πᾶσι
1065 2425 1181 2499 κοινῶς

64 2618 67 2624 Ι
125 2533 301 2617 ἐπιβέβηκε
323 2515 522 2620 προστάτης.

195 2694 302 2749 Fontes:
357 2694 381 2763 ξ
394 2696 437 2748 40.
472 2696 567 2747 dambl.
585 2695 610 2758 9,
630 2699 644 2750 3
665 2710 688 2749 et
705 2697 731 2748 4.
845 2717 849 2726 ’
883 2694 965 2763 §.dir
997 2695 1092 2749 Jambl.
1111 2695 1135 2760 9,
1154 2699 1179 2749 5.

197 2780 277 2849 Μ.
313 2783 408 2834 dambl.
427 2780 452 2843 9,
472 2786 496 2835 7.

126 2941 161 2998 ad
177 2961 229 2997 nes
245 2943 279 2998 ah
298 2964 331 2999 eo
350 2943 512 3001 descendet?
539 2964 637 3021 quaero
655 2946 719 3001 item
736 2955 824 3005 utrum
836 2944 968 3000 subsistat
982 2965 1073 3014 necne,
1091 2955 1180 3001 utrum

126 3024 378 3088 dumus-dominum
396 3034 517 3088 invenire
533 3030 666 3110 possibile
684 3033 721 3086 sit
739 3051 773 3087 an
784 3030 969 3108 impossibile?
999 3034 1022 3087 si
1036 3034 1106 3088 enim
1117 3050 1180 3109 pas·

126 3115 206 3172 sibile
222 3119 273 3185 sit,
296 3120 321 3174 is
339 3138 403 3174 sane
421 3117 484 3176 felix
502 3121 566 3186 erit,
586 3121 632 3195 qui
649 3119 786 3195 geniturae
804 3138 867 3173 suae
885 3117 991 3173 schema
1015 3137 1180 3194 cognoscens

124 3205 265 3280 preprium
283 3203 439 3262 daemonem
456 3207 536 3261 etiam
554 3207 673 3261 inveniat
690 3214 719 3259 et
736 3224 785 3281 per
803 3225 863 3260 eum
880 3203 926 3260 tati
944 3206 1000 3259 vim
1017 3203 1132 3278 effugiat.

197 3289 268 3346 Sane
285 3312 349 3347 vero
368 3290 590 3368 genethlialogiae
613 3310 728 3346 canones
746 3291 872 3347 videntur
894 3287 1100 3346 innumerabiles
1119 3308 1180 3347 esse
1197 3295 1237 3354 40

125 3385 153 3432 et
170 3377 463 3455 incomprehensibiles,
483 3380 548 3454 quin
566 3379 625 3455 ipsa
643 3375 826 3434 mathematica
845 3379 955 3434 scientia
973 3375 1053 3454 plane
1072 3377 1180 3450 cognitu

126 3473 170 3519 est
186 3463 377 3542 impossibilis3
398 3464 462 3520 lites
479 3474 553 3521 certe
572 3463 606 3520 de
630 3485 660 3519 ea
678 3484 784 3543 semper
802 3473 866 3520 sunt
883 3474 1003 3531 exortae,
1028 3460 1077 3518 sed
1094 3459 1180 3519 Chae·

126 3570 218 3606 remon
235 3553 295 3629 ipss
313 3549 412 3628 aliique
429 3550 507 3607 multi
525 3561 617 3607 contra
635 3571 693 3606 eam
712 3549 889 3628 disputarunt.

198 3637 370 3695 dementem
391 3639 510 3694 inventio
534 3636 751 3692 domus-demini
773 3639 832 3694 sive
855 3635 1035 3704 dominarum,
1063 3637 1087 3690 si
1111 3633 1180 3691 forte
1196 3631 1235 3690 dl

124 3721 216 3801 plnres
234 3735 297 3782 sunt
314 3728 343 3782 in
360 3728 460 3803 genesi·
477 3723 534 3780 fere
552 3723 708 3780 conceditur
732 3723 764 3778 ab
783 3725 851 3801 ipsis
869 3720 1064 3779 mathematicis
1081 3724 1181 3800 impos·

125 3809 214 3867 sibilis
231 3833 302 3883 csse,
322 3823 349 3869 et
366 3823 454 3868 tamen
470 3811 505 3867 ab
523 3809 576 3867 hoc
593 3809 694 3887 pendet
711 3812 814 3888 proprii
832 3808 970 3866 daemonis
987 3811 1075 3865 omnis
1088 3819 1180 3866 nestra

125 3901 251 3976 cognitio.
267 3932 269 3936 v
604 3914 607 3919 ’

197 3987 305 4060 Quaero
324 3983 436 4041 ulterius
455 4005 488 4040 sn
506 3983 619 4060 singulis
636 3987 665 4039 in
683 3984 761 4039 nobis
780 3984 900 4061 partibus
923 3985 1049 4061 proprius
1068 3982 1179 4041 daemon
1197 3986 1236 4044 42

125 4074 315 4151 praeficiatur?
340 4074 448 4130 videtur
460 4073 530 4128 enim
542 4090 612 4129 unus
623 4073 770 4140 sanitatem,
783 4069 852 4127 alius
864 4069 1097 4148 pulchritudinem,
1111 4067 1178 4124 alius

126 4161 259 4237 quendam
277 4164 305 4217 in
328 4159 371 4216 his
389 4160 509 4216 habitum
527 4179 695 4228 conservare,
717 4169 745 4214 et
766 4159 874 4216 tandem
897 4158 940 4214 his
964 4157 1087 4213 omnibus
1111 4155 1178 4212 alius

126 4249 234 4325 quidem
251 4252 427 4306 communiter
443 4269 576 4327 praeesse.
