2776 4876
113 335 185 411 nco
1114 341 1170 396 eae

115 488 310 578 ἀνθρώποις
331 487 374 558 τά
397 494 462 560 τῶν
484 493 585 571 θεῶν,
607 487 792 573 συνήθειαν
814 495 850 559 δὲ
864 498 997 579 παρέχει
1011 490 1094 585 πρὸς
1107 493 1168 573 τάς

113 605 174 669 τοῦ
196 598 307 692 φωτὸς
328 599 556 691 μαρμαρυγαῖς,
577 598 663 670 κατά
677 599 788 691 βραχὺ
800 606 835 671 δὲ
849 608 967 672 τελειοῖ
981 599 1023 670 τά
1038 611 1074 670 ἐν
1088 605 1169 693 ἡμῖν

78 731 93 783 3
113 708 197 800 πρδς
218 711 278 791 τὰς
300 717 366 780 τῶν
386 716 481 780 θεῶν
503 711 671 806 συναφάς,
702 720 760 792 ἕως
783 711 826 782 ἀν
847 719 901 783 ἐπί
923 711 962 782 ro
985 713 1170 804 ἀκρότατον
1236 747 1239 750 ·

112 823 203 909 ἡμᾶς
225 818 426 913 ἐπαναχάχμ,
454 827 510 892 καὶ
532 820 575 891 τά
596 828 656 910 μὲν
678 825 820 915 ἡμέτερα
842 827 901 906 τῆς
923 829 1074 904 διανοίας
1097 823 1169 910 ἤθη

112 934 220 1022 ἠρέμα
242 933 377 1016 ἀνέλκει,
400 928 442 1000 τά
465 937 500 1002 δὲ
522 939 587 1002 τῶν
607 938 701 1004 θεῶν
722 937 802 1023 ἡμῖν
824 940 983 1017 ἐνδίδωσι,
1004 933 1113 1005 πειθιδ
1135 942 1170 1006 tt

78 1050 169 1117 εκαὶ
191 1048 367 1113 κοινωνίαν
388 1048 444 1111 καὶ
467 1048 584 1135 φιλίαν
606 1045 786 1116 ἀδιάλυτον
801 1053 924 1134 ἐγείρει,
946 1047 1006 1116 τόν
1020 1074 1055 1115 τε
1070 1053 1170 1117 θεῖον

113 1160 218 1243 ἔρωτα
241 1153 402 1236 συναύξει,
428 1154 546 1224 καὶτὸ
569 1161 669 1226 θεῖον
690 1162 750 1240 τῆς
772 1164 880 1252 ψυχῆς
907 1157 1056 1240 ἀνάπτει,
1085 1159 1169 1227 ἀπο-

113 1270 272 1357 καθαίρει
293 1292 328 1335 τε
351 1270 420 1334 πᾶν
442 1265 481 1335 τὸ
505 1273 657 1338 ἐναντίον
678 1272 737 1350 τῆς
758 1275 876 1360 ψυχῆς,
897 1275 954 1338 καί
975 1269 1172 1361 ἀπορρίπτει

78 1381 173 1447 θεοῦ
200 1376 406 1466 αίθερυίδους
434 1383 490 1447 καὶ
518 1379 710 1466 αὐχοειδοῦς
742 1379 928 1468 πνεύματος
962 1386 1038 1471 περὶ
1066 1379 1171 1464 αὐτὴν

114 1487 196 1557 ὅσον
218 1493 287 1557 ἐστὶ
309 1487 548 1577 χενεσιουρχόν,
575 1495 694 1559 ἐλπίδα
715 1517 750 1559 τε
772 1489 913 1579 ἀγαθὴν
935 1496 992 1561 καὶ
1012 1488 1075 1574 τὴν
1096 1496 1170 1582 περὶ

112 1597 151 1667 τὸ
176 1605 248 1692 φῶς
268 1603 380 1666 πίστιν
404 1604 529 1683 τελειοῑ,
551 1605 608 1670 καὶ
630 1597 668 1669 τὸ
693 1599 772 1671 ὅλον
796 1610 905 1683 είπεῖυ,
929 1599 1089 1690 ὁμιλητάς
1104 1607 1170 1670 τῶν

60 1699 94 1776 12
113 1714 212 1791 θεῶν,
236 1715 293 1777 ίνα
316 1707 419 1788 οὕτως
441 1711 594 1799 ε’ίπωμεν,
623 1709 701 1791 τοάς
719 1718 907 1802 χρωμένους
928 1713 1045 1793 αὐταῖς
1068 1713 1170 1804 ἀπερ·

113 1823 255 1910 χάζεται.

201 1936 246 2000 Et
268 1929 309 2014 δὴ
331 1929 431 1998 τοῦτό
455 1939 543 2001 ἐστιν
567 1930 648 2023 ὅπερ
671 1930 769 2021 εὐχὴν
791 1931 835 2002 ἀν
856 1960 906 2014 τις
929 1935 1021 2014 ε’ίποι,
1047 1939 1113 2024 δρᾷ
1134 1960 1169 2003 τι

61 2063 95 2115 15
114 2052 149 2113 ἐν
171 2044 252 2131 ἡμῖν
274 2047 422 2111 τοσαῦτα
445 2040 566 2129 ἀχαθά
588 2041 627 2111 τὸ
649 2047 817 2125 τοιοῦτον,
846 2049 908 2133 ἔχει
936 2071 971 2112 τε
999 2041 1082 2133 πρὸς
1111 2040 1171 2124 saie
1224 2051 1227 2060 ’

114 2161 240 2234 θυσίας
262 2152 305 2238 ἣν
328 2152 502 2244 είρήκαμεν
523 2160 708 2235 κοινωνίαν,
736 2181 761 2223 π

113 2270 303 2358 καταφανὲς
331 2270 456 2352 γίνεται
484 2262 522 2332 τὸ
553 2271 617 2333 τῶν
645 2269 777 2334 θυσιῶν
806 2269 911 2346 τέλος,
946 2267 990 2345 ὡς
1017 2271 1171 2358 συναφῆς

62 2391 97 2444 18
114 2382 172 2446 καί
194 2373 276 2444 αὐτὸ
300 2379 533 2468 δημιουργικῆς
560 2380 756 2466 μετείληχεν,
785 2372 895 2458 ἐπειδὴ
925 2374 968 2443 δι’
994 2379 1096 2464 ίρχων
1127 2383 1171 2444 ot-

187 2653 213 2702 5.
240 2650 360 2722 δκδίδυσι
378 2649 458 2703 ACD.
581 2652 607 2703 t.
634 2644 784 2703 ἀδιάλυπου
803 2647 857 2711 ΑΒ,
884 2650 947 2707 iuer
964 2642 1172 2716 ἀδιάλεωιτονῆ

186 2730 332 2788 ἀδιάλυτον
349 2756 434 2802 margo
451 2736 484 2789 B.
558 2737 599 2789 11.
628 2738 725 2803 πίστην
742 2734 776 2787 D.
799 2728 810 2803 ΙΙ
831 2737 916 2788 τελεοῖ
934 2733 967 2786 0.
1041 2734 1083 2785 12.
1112 2730 1170 2798 ire]

185 2821 220 2873 aie
239 2820 293 2886 Ac,
318 2817 354 2874 δι’
374 2823 408 2878 Ο.
480 2823 524 2877 18.
550 2823 595 2875 καὶ
612 2815 696 2888 οὔτὸ]
715 2820 796 2874 isauro*
815 2819 869 2872 Ac,

116 3077 206 3134 diviua
223 3075 377 3133 hominibus
394 3075 534 3155 patefacit,
557 3076 591 3134 ad
609 3076 717 3132 luminis
736 3074 820 3132 divini
842 3073 1002 3152 splendores
1021 3073 1171 3142 assuefacit,

116 3163 245 3241 paulatim
262 3173 369 3219 nostras
387 3163 555 3220 infirmitates
567 3163 602 3219 ad
613 3162 678 3218 deos
691 3161 885 3238 contingendus
897 3161 1012 3238 perficit,
1032 3179 1172 3235 quousque

116 3249 151 3304 ad
169 3268 301 3303 summum
318 3268 368 3305 nos
386 3249 524 3327 perducet,
542 3268 632 3305 mores
651 3248 760 3324 quidem
770 3257 879 3303 nostrae
892 3249 995 3301 animae
1006 3244 1103 3302 leniter
1115 3265 1172 3301 sur·

117 3355 176 3390 sum
194 3333 288 3404 trahit,
308 3335 414 3393 divinos
433 3334 512 3390 nobis
529 3336 651 3391 vicissim
669 3337 776 3403 inserit,
801 3335 1003 3411 persuasionem
1020 3351 1127 3408 quoque
1145 3341 1173 3386 et

118 3424 331 3477 communionem
353 3431 381 3476 et
403 3422 546 3476 amicitiam
568 3430 694 3497 procreat
716 3419 890 3487 indivulsam,
914 3436 1031 3473 amorem
1053 3416 1173 3472 divinum

117 3592 219 3646 animae
237 3591 395 3647 adversatur
413 3602 550 3669 expurgat,
569 3593 696 3667 eiicitque
709 3592 837 3669 quicquid
849 3601 892 3647 est
904 3591 938 3646 ad
951 3592 1100 3665 genituram
1110 3607 1173 3667 pro·
1285 3633 1289 3639 .

117 3677 188 3734 clive
206 3678 234 3731 in
253 3679 311 3733 eius
330 3679 428 3753 spiritu
446 3676 570 3734 aethereo
589 3677 797 3755 splendidoque,
824 3697 900 3755 spem
922 3675 1021 3731 bonnm
1043 3684 1070 3732 et
1091 3674 1173 3731 fidem

117 3763 225 3840 perficit
243 3764 315 3819 circa
332 3763 431 3832 lumen,
451 3773 479 3819 et
495 3773 526 3819 ut
542 3763 625 3820 verbo
644 3763 740 3831 dicem,
759 3763 871 3819 deorum
888 3771 1007 3840 praestat
1018 3760 1173 3818 collocutio-

118 3869 166 3905 nes
184 3847 327 3904 familiares
347 3852 394 3926 qui
411 3851 450 3906 eis
468 3849 623 3926 frequenter
640 3858 758 3919 utuntur.

194 3933 226 3989 si
244 3937 326 4012 igitur
344 3956 424 4012 quam
441 3935 512 3993 dixit
529 3939 589 4012 quis
608 3937 695 3990 oratio
712 3933 766 3989 tale
784 3933 850 4010 quid
866 3937 911 4003 sit,
931 3945 959 3991 et
976 3933 1039 3991 talia
1055 3937 1084 3990 in
1095 3932 1173 3989 nobis

118 4020 188 4076 bona
208 4032 348 4097 operetur,
371 4020 519 4096 habeatque
537 4021 572 4076 ad
589 4020 723 4076 sacrificia
745 4041 804 4076 eam
828 4041 906 4097 quam
923 4021 1089 4078 ostendimus
1112 4037 1174 4073 con·

118 4109 273 4174 nexionem,
296 4128 351 4163 non
368 4117 461 4186 potest
477 4127 532 4162 non
549 4103 593 4163 vel
614 4126 648 4162 ex
665 4103 717 4162 hoe
734 4107 795 4184 ipso
813 4110 879 4164 satis
898 4119 1022 4164 constare
1043 4103 1115 4180 quod
1133 4123 1174 4159 sa-

119 4193 283 4253 crificiorum
300 4193 363 4250 finis
382 4194 406 4249 is
425 4195 474 4262 sit,
497 4203 527 4250 ut
544 4192 720 4269 indipiscatur
737 4213 798 4252 cum
815 4194 866 4251 deo
885 4195 1003 4250 omnium
1025 4189 1172 4246 architecto
