2776 4876
213 361 267 425 Μ
1215 362 1269 414 M

210 517 452 598 θεωρουμένων
474 511 517 588 ῶς
535 511 629 576 αίτια
651 514 713 591 τῆς
733 517 768 576 έν
793 521 867 589 ταῖς
895 513 1034 590 θυσίαις
1061 512 1267 601 ἀπεργασίας

210 625 406 708 λογίζονται.
443 627 499 688 καί
521 618 586 709 γύρ
610 628 645 687 έκ
667 619 791 689 τούτων
813 622 873 708 ούχ
894 621 1064 714 ὑπερφυής
1085 649 1134 701 τις
1156 625 1178 706 ἡ
1201 630 1267 692 τῶν

175 753 190 803 3
211 738 304 801 θεῶν
326 738 419 801 σιίτία
440 737 611 813 δείκνυται,
640 733 711 800 οὐδ’
730 733 775 812 ὡς
802 733 938 815 τοιαύτη
968 744 1166 820 συγκινεῖται
1193 747 1267 815 ταῖς

211 850 356 924 θυσίαις,
378 843 421 922 ὡς
444 846 478 911 δὲ
501 840 622 933 φυσικὴ
644 851 845 931 κατεχομένη
867 869 901 911 τε
930 843 995 912 ὑπὸ
1018 851 1078 928 τῆς
1102 844 1195 927 ύλης·
1212 851 1267 914 καὶ

209 951 275 1024 ὑπὸ
298 958 364 1022 τῶν
385 952 548 1040 σωμάτων
568 959 820 1040 περιειλημμένη
838 959 982 1045 φυσικῶς
996 957 1110 1035 αὐτοῖς
1125 962 1268 1043 συνεγεί-
1298 962 1315 987 “”

175 1094 191 1144 6
210 1092 303 1150 ρεται
324 1070 380 1132 καὶ
403 1063 682 1146 συναναπαύιται,
710 1070 766 1132 καί
788 1069 894 1133 ταῦτα
922 1063 965 1133 τοί
987 1073 1062 1156 περὶ
1085 1063 1145 1150 την
1167 1067 1268 1160 φύσιν

209 1176 410 1266 ὑπάρχοντα.
456 1183 483 1242 τί
505 1175 535 1242 δ’
555 1172 622 1264 ἄρα
644 1202 677 1243 τι
699 1181 756 1244 καὶ
777 1180 929 1245 τοιούτου
959 1185 994 1244 έν
1022 1191 1097 1256 ταῖς
1129 1181 1268 1257 θυσίαις

210 1291 453 1364 συνακολουθεῖ
474 1287 518 1365 ὡς
542 1291 710 1355 συναίτιον
731 1292 787 1355 καὶ
809 1284 877 1366 τόν,
900 1281 946 1355 ῶν
968 1289 1028 1356 οὐκ
1050 1285 1138 1369 σ’ίνευ,
1167 1288 1268 1374 λόγον

175 1402 291 1485 aizoo,
315 1395 400 1467 οὕτω
424 1396 623 1484 συνήρτηται
647 1409 717 1476 τοῖς
739 1405 999 1486 προηγουμένοις
1020 1404 1147 1478 αίτίοις.

297 1512 437 1577 Βέλτων
461 1503 520 1577 οὖν
543 1513 737 1600 collocanti
760 1511 918 1576 οίκείωσιν
942 1513 1130 1591 attractae,
1153 1520 1265 1599 σχέσιν
1284 1523 1304 1581 9

209 1645 243 1688 τι
266 1616 455 1701 coadoranda
476 1622 543 1687 τῶν
564 1616 850 1707 δημιουργούντων
878 1618 962 1708 πρὸς
984 1618 1025 1689 τῶ
1048 1619 1266 1708 δημιουργού-

157 1757 192 1807 r2
210 1756 294 1818 μενοι
314 1735 370 1798 καὶ
393 1733 458 1798 τῶν
480 1728 669 1815 γεννώντων
691 1725 775 1817 πρὸς
802 1727 844 1796 τοί
874 1730 1137 1816 ἀπογιυνῶμενα.
1184 1729 1267 1800 ὅταν

210 1835 270 1910 σύν
292 1839 413 1922 ταύτης
435 1847 684 1927 προηγουμένης
705 1843 765 1921 τῆς
792 1844 904 1920 κοινῆς
933 1841 1037 1931 ἀρχῆς
1059 1840 1213 1928 λάβωμέν
1234 1867 1266 1908 τι

204 1955 293 2033 Ιζῶον
315 1948 337 2032 ἢ
357 1956 424 2018 τῶν
446 1957 622 2042 φυομένων
644 1954 697 2017 ἐπὶ
727 1955 786 2031 τῆς
814 1955 876 2036 γῆς
902 1950 1095 2041 ἀκραιφνῶς
1121 1957 1178 2019 καὶ
1206 1978 1265 2019 κα-

158 2100 191 2150 15
210 2066 329 2150 θαρῶς
352 2063 514 2142 διασῶζον
537 2057 576 2128 τὸ
598 2058 754 2148 βούλημα
775 2065 836 2128 τοῦ
857 2061 1081 2142 πεποιηκότος,
1112 2061 1186 2130 τότε
1210 2059 1266 2130 διὰ

209 2178 269 2258 τοῦ
289 2171 441 2241 τοιούτου
463 2169 523 2254 την
546 2174 779 2257 ἐπιβεβηκυῖαν
806 2169 978 2259 ἀγροίντως
1003 2171 1054 2238 ἐπ’
1074 2173 1178 2241 αὐτοῦ
1207 2177 1266 2256 δη-

209 2281 404 2370 μιουργικὴν
432 2289 544 2350 αίτίαν
574 2285 698 2359 οἰκείως
726 2287 888 2366 κινοῦμεν.
934 2286 1065 2349 πολλῶν
1094 2287 1130 2350 δὲ
1159 2283 1267 2351 ούσῶν

158 2427 191 2478 18
210 2393 336 2463 τούτων
359 2398 414 2461 καὶ
436 2396 502 2460 τῶν
524 2396 584 2474 μὲν
606 2395 773 2479 προσιχῶς
795 2399 1054 2482 συνηρτημένων,
1077 2391 1185 2481 ὥσπερ
1201 2397 1266 2460 τῶν

280 2542 306 2592 1.
334 2534 538 2609 θεωρουμίνιιν]
558 2535 593 2588 oie
612 2534 697 2598 ccl),
726 2534 905 2607 θεωρημάτων
924 2537 956 2590 0.
979 2531 991 2604 il
1012 2536 1139 2604 θυσίαις]
1163 2532 1267 2598 ούσίαις

281 2625 383 2690 Βῐέτς.
496 2623 521 2675 3.
549 2622 686 2682 τοιαύταις
709 2625 744 2685 Α,
771 2622 898 2689 τοιαύτης
922 2622 977 2674 CD.
1084 2624 1109 2674 4.
1138 2621 1265 2689 θυσίαις]

281 2705 387 2768 οὐσίαις
405 2711 463 2761 ΑΙ).
571 2710 595 2759 6.
623 2703 857 2762 cavanniaco.
878 2702 891 2774 ΙΙ
912 2706 999 2774 ταύτῃ
1018 2710 1047 2759 Α.
1156 2708 1180 2760 9.
1209 2722 1266 2761 aute

281 2793 351 2848 οὕτω
370 2795 394 2849 0
412 2796 468 2847 add.
489 2797 540 2848 acal.

210 2924 334 2981 omuibus
353 2942 407 2978 nou
426 2917 637 3000 supernaturalia
656 2920 834 2978 ostenduntur
851 2942 912 2977 eece
925 2942 1002 2979 cauea
1015 2924 1061 2992 dii,
1080 2945 1167 3000 neque
1179 2934 1267 2980 oeten.

210 3008 283 3064 ditur
301 3008 374 3086 quod
392 3007 496 3064 attalia
509 3017 711 3065 commoventur
722 3008 870 3065 sacrificiis.
916 3008 964 3064 aed
978 3011 1127 3084 resignatur
1138 3008 1267 3066 naturalia
1366 3052 1369 3061 ,

211 3094 339 3169 quaedam
357 3098 477 3172 potentia
497 3096 525 3150 iu
543 3095 652 3150 materia
670 3091 757 3149 lutona
776 3103 803 3149 et
821 3093 979 3171 corporibus
998 3092 1084 3160 affixa,
1107 3103 1135 3148 et
1153 3095 1219 3150 haec
1236 3105 1268 3150 ut

210 3178 272 3235 tolie
295 3179 452 3237 naturaliter
477 3199 612 3236 unacum
639 3177 695 3235 illia
720 3191 903 3236 commovetur
929 3190 957 3235 et
979 3180 1159 3253 conquiescit:
1186 3189 1267 3256 prout

210 3267 297 3320 omnio
316 3265 417 3322 iaciunt
434 3285 501 3342 quae
520 3275 582 3322 eunt
600 3267 628 3321 in
645 3274 745 3320 natura.
791 3267 815 3320 oi
834 3265 899 3342 quid
918 3283 983 3320 vcro
1008 3261 1062 3318 tale
1080 3262 1114 3317 ud
1127 3265 1266 3321 'sacrificia

210 3353 394 3426 consequitur,
416 3350 445 3408 id
467 3351 577 3427 quidem
599 3361 734 3428 tamquam
758 3369 888 3406 concaueo
912 3351 985 3405 etin
1007 3368 1105 3425 gauere
1128 3368 1267 3407 musarum

211 3437 271 3491 sine
289 3457 340 3512 qua
360 3439 472 3494 effectuae
490 3455 546 3492 uon
562 3438 653 3492 evenit
670 3436 869 3492 numerandum.
914 3438 1005 3510 itaque
1028 3435 1116 3490 caueie
1134 3434 1267 3509 principo-
1380 3495 1384 3507 1

208 3518 281 3576 libus
300 3522 519 3578 subordiuabitur
536 3521 707 3578 sacrificium.
1063 3558 1064 3562 =

280 3603 403 3661 Praestat
420 3608 506 3682 igitur·
516 3606 611 3663 'dicare
624 3607 759 3665 >mirificos
779 3607 971 3664 sacrificiorum
988 3604 1101 3660 effectae
1119 3602 1266 3680 procudere
1284 3605 1304 3663 9

209 3692 243 3746 ab
263 3691 393 3756 amicitia,
416 3701 550 3768 umquam
567 3713 583 3748 a
600 3710 681 3750 cauea
697 3701 734 3748 'et
751 3689 996 3749 accommodatione
1014 3689 1128 3766 quadarn
1149 3698 1177 3745 ot
1194 3687 1267 3746 linbi-

210 3775 305 3832 tudine
323 3775 436 3852 opilicee
455 3777 490 3832 ad
507 3779 615 3854 opificia
633 3780 768 3850 genitores
786 3777 820 3833 ad
838 3778 925 3852 genitu
944 3772 1112 3840 conciliante.
1160 3774 1266 3850 quondo

210 3864 291 3938 igitur
310 3872 462 3939 praeeunte¹
472 3872 500 3918 et
515 3862 630 3919 ducente
644 3865 778 3919 communi
795 3860 847 3918 lroc
866 3861 1000 3937 principio
1012 3861 1157 3936 accipimus
1170 3858 1267 3916 animal

210 3958 255 4003 aut
274 3946 375 4023 aliquid
394 3968 409 4003 e
427 3958 497 4004 terra
509 3958 607 4004 >uatum
624 3947 697 4024 quod
716 3945 787 4002 clare
804 3956 833 4002 et
849 3965 918 4023 pure
928 3946 1034 4024 opificia
1047 3947 1089 4001 aui
1099 3944 1267 4005 uoluntatem

210 4043 386 4110 representet,
405 4043 537 4110 tuucpcr
553 4033 610 4088 tale
627 4030 754 4109 quiddam
771 4035 882 4110 proprie
894 4034 999 4109 riteque
1010 4048 1148 4088 moremus
1161 4040 1305 4086 caueamua

212 4119 337 4197 opificem
354 4117 418 4175 huic
437 4121 476 4175 rai
494 4138 562 4197 pure
579 4119 786 4196 praesidentem.
830 4121 883 4175 iam
900 4138 1044 4176 varocum
1063 4135 1159 4174 caum
1179 4108 1267 4170 rernm

211 4203 341 4280 plurimae
359 4207 422 4272 aiut,
441 4215 469 4260 et
487 4204 554 4262 aliae
573 4205 681 4281 quidem
698 4204 907 4281 {commedio
923 4206 1053 4282 praesint,
1075 4204 1145 4257 sieut
1163 4198 1268 4262 daemo-

1067 4311 1099 4360 ll
