2776 4876
203 335 258 390 360
980 385 982 394 ,
1208 329 1262 395 s‚1

205 489 409 582 ἀφθέγκτων
430 491 487 555 καὶ
509 492 575 555 τῶν
596 484 780 577 βαρβάρων
801 491 862 575 μὲν
883 491 1093 573 καλουμένων
1115 490 1266 574 ἱεροπρε-

204 605 276 668 πῶν
297 603 331 668 δὲ
354 595 459 670 όντων
481 597 564 688 πρός
586 621 622 667 σε
644 596 909 688 ἀποκρινόμεθα.

122 829 188 914 8,1
304 828 436 898 Τούτων
458 832 493 897 δὲ
515 826 674 909 ἀποστάς,
696 828 739 906 ὡς
761 828 832 919 φῄς,
854 823 967 912 βούλει
982 848 1037 895 σοι
1057 827 1267 908 δηλωθῆναι,
1287 834 1301 884 3

206 949 239 1011 τί
261 936 300 1009 τό
323 945 456 1028 πρῶτον
480 943 587 1007 αἴτιον
608 939 768 1026 η’γουνται
797 935 881 1005 εἶναι
902 936 1094 1024 Αἰγύπτιοι,
1123 935 1268 1024 πότερον

205 1050 331 1135 νοῦνῆ
351 1053 431 1140 ὑπὲρ
453 1055 543 1132 νοῦν,
565 1055 621 1117 καὶ
642 1048 748 1136 μόνον
769 1045 876 1133 ἢμιτ’
893 1045 997 1117 ἄλλου
1019 1044 1041 1131 ἢ
1063 1045 1182 1129 ἄλλων,
1208 1051 1267 1114 καὶ

207 1165 349 1253 πότερον
380 1161 560 1248 ἀσώματον
587 1158 609 1243 ἢ
639 1158 840 1246 σωματικόν,
868 1164 924 1228 καὶ
954 1167 981 1226 ιλ
1003 1165 1048 1245 τῷ
1077 1162 1304 1247 δημιουργῷὸ

206 1275 251 1345 τι)
272 1271 358 1347 αὐτὰ
378 1271 402 1354 ἢ
424 1270 489 1362 πρὸ
512 1277 572 1341 τοῦ
593 1274 802 1361 δημιουργοῦ,
824 1274 881 1338 καὶ
904 1279 931 1338 et
946 1270 981 1351 ἐξ
995 1267 1069 1349 ἑνός
1090 1266 1132 1337 τι)
1154 1267 1268 1338 πάντα

208 1385 288 1471 ἢέν
309 1389 454 1465 πολλῶν,
482 1388 537 1451 καὶ
561 1392 589 1451 el
615 1381 698 1464 ὕλην
718 1383 830 1451 ἰ’σασιν
859 1378 882 1464 ἢ
904 1375 1120 1468 σωματοποιι)
1142 1384 1268 1470 πρῶτα,

207 1503 263 1568 ιτα)
284 1498 466 1584 ἀγέννητον
485 1493 569 1578 ὕλην
590 1492 613 1577 ἢ
632 1491 810 1581 γεννητόν,
1193 1554 1196 1561 .
1288 1496 1306 1546 9

293 1608 376 1697 Ἐγι)
398 1605 440 1689 δή
463 1631 517 1674 σοι
544 1608 676 1696 πρῶτον
706 1611 767 1695 ἐρῶ
796 1602 857 1688 τὴν
880 1610 1005 1688 αἰτίαν,
1034 1604 1077 1673 δι’
1095 1601 1139 1687 ἢν
1168 1609 1205 1673 ἕν
1231 1629 1268 1672 τε

207 1719 381 1811 γράμμασι
401 1724 468 1785 τῶν
490 1718 638 1807 ἀρχαίων
659 1723 948 1807 ἱερογραμματέων
969 1720 1092 1784 πολλαὶ
1113 1720 1168 1784 κα)
1191 1741 1268 1782 ποι-

207 1836 297 1901 κίλαι
319 1828 415 1911 δόξαι
435 1832 510 1916 περὶ
532 1825 656 1896 τούτων
671 1833 841 1921 φέρονται,
862 1832 918 1896 καὶ
933 1827 1026 1930 παρὰ
1041 1839 1112 1907 τοῖς
1126 1832 1173 1895 ότι
1188 1829 1269 1909 ζῶσι
1289 1835 1324 1888 12

207 1948 273 2012 τῶν
296 1946 412 2031 σοφῶν
434 1935 476 2006 το)
498 1936 628 2027 μεγάλα
656 1938 715 2026 οὐχ
737 1938 850 2018 ἁπλῶς
871 1937 890 2006 ὁ
913 1938 1013 2026 λόγος
1033 1941 1268 2028 παραδίδοται.

208 2058 290 2140 λέγω
314 2050 355 2135 δὴ
379 2044 439 2120 οὖν
461 2051 504 2130 ὡς
525 2051 658 2118 πολλῶν
680 2049 800 2117 οὐσιῶν
819 2050 1038 2139 ὑπαρχουσῶν
1062 2055 1119 2119 καὶ
1141 2050 1270 2119 τούτων

208 2168 437 2259 διαφερουσῶν
457 2160 668 2248 πάμπληθες,
690 2164 813 2230 πολλαὶ
827 2159 1071 2250 παρεδόθησαν
1085 2162 1196 2230 αὐτῶν
1210 2166 1270 2230 καὶ
1289 2172 1322 2224 15

208 2276 310 2366 ἀρχα)
332 2272 514 2367 διαφόρους
536 2277 669 2360 ἔχουσαι
690 2272 812 2355 τάξεις,
844 2270 944 2341 ἄλλαι
965 2273 1045 2363 παρ’
1064 2269 1178 2352 ἄλλοις
1199 2277 1270 2340 τῶν

207 2391 359 2455 παλαιῶν
380 2391 506 2474 ἱερέων·
537 2381 597 2464 τὰς
618 2388 679 2471 μὲν
700 2376 761 2452 οὖν
784 2382 866 2464 ὅλας
883 2384 1006 2475 Ἑρμῆς
1028 2392 1064 2453 ὲν
1092 2394 1166 2465 ταῖς
1195 2387 1268 2452 δισ-

278 2587 303 2638 2.
331 2583 373 2650 δὲ]
391 2583 475 2638 τεΟ.
547 2585 571 2636 3.
598 2577 794 2643 ἀποστὰςοιο.
812 2583 845 2634 Ι).
919 2585 981 2637 45.
972 2580 1112 2656 .πότερον
1131 2573 1267 2651 οῦνηΑ.

278 2672 304 2724 8.
330 2669 444 2739 σώματα
461 2670 529 2723 ποιοὶ
546 2668 604 2721 ΑΙ).
691 2670 732 2722 12.
760 2667 852 2740 παρὰ]
872 2671 933 2741 περ)
949 2667 1055 2722 ABCD.
1145 2670 1188 2764 14.
1217 2667 1265 2735 δη]

277 2751 313 2809 δι’
333 2758 368 2808 Ι).
440 2758 483 2809 16.
510 2753 644 2826 διαφόρως
662 2753 718 2808 cl).

209 2951 250 2997 tot
267 2940 318 2997 tibi
336 2942 418 3017 igitur
435 2938 624 3017 respondimus
643 2959 724 3018 super
742 2943 902 3009 nominibus,
926 2962 993 3018 quae
1011 2940 1075 2997 lieet
1092 2940 1267 3019 inexplicabi-

209 3025 244 3084 lia
263 3028 318 3083 sint
336 3036 364 3082 et
381 3027 492 3083 barbara
510 3035 649 3095 vocentur,
667 3029 752 3084 sacris
770 3038 859 3084 tamen
877 3029 929 3083 rite
947 3028 1116 3085 conveniunt.

171 3160 188 3219 l
280 3163 329 3221 His
348 3164 484 3221 derelictis
502 3162 623 3242 postulas
642 3163 692 3221 tibi
714 3165 833 3233 ostendi,
858 3164 984 3242 quidnam
1001 3164 1128 3243 Aegyptii
1151 3167 1265 3243 primam

208 3269 316 3306 cansam
332 3271 394 3308 esse
412 3260 550 3318 censeant,
573 3260 662 3308 utrum
685 3250 851 3309 intellectum
874 3271 908 3306 an
932 3250 1034 3326 aliquid
1056 3271 1152 3329 snpra,
1175 3261 1265 3308 nti-,nm

208 3335 296 3392 selum
314 3335 416 3414 aliquid
434 3357 467 3392 an
485 3357 546 3393 cnm
564 3336 617 3394 alio
635 3337 679 3393 vel
697 3337 770 3407 aliis,
794 3348 821 3394 et
837 3347 929 3395 utrum
946 3340 1135 3415 incorporeum
1152 3358 1186 3392 en
1204 3358 1265 3395 cor·

205 3441 329 3500 perenm,
348 3423 445 3480 deinde
461 3433 551 3480 utrum
569 3425 606 3479 sit
624 3424 695 3481 idem
714 3445 774 3481 cum
792 3423 884 3480 mundi
903 3424 1001 3501 opifice
1018 3445 1052 3480 an
1070 3425 1192 3501 superius
1205 3427 1267 3501 opi·

206 3507 270 3574 fiee,
294 3519 432 3587 praeterea
450 3531 484 3566 an
499 3529 536 3567 ex
552 3528 606 3566 unc
624 3513 712 3566 omnia
730 3531 764 3566 an
782 3508 957 3588 expluribus
980 3509 1104 3588 amplius,
1126 3530 1161 3565 an
1182 3521 1267 3566 mate·

207 3595 273 3649 riam
290 3597 404 3673 primam
421 3605 566 3673 agnoscant
583 3615 616 3650 an
634 3615 748 3674 corpora
767 3595 870 3673 qualia,
894 3596 1010 3672 deniqne
1033 3598 1169 3653 materiam
1191 3599 1266 3673 inge-

206 3679 290 3734 nitam
307 3700 341 3736 an
358 3684 473 3757 genitam
490 3683 609 3759 ponant?

276 3763 334 3841 Ego
352 3787 417 3824 rere
436 3788 543 3825 causam
560 3770 636 3846 prins
654 3768 704 3824 tibi
722 3767 824 3838 dicam,
848 3770 883 3825 ob
907 3789 988 3846 qnam
1005 3778 1062 3825 tum
1080 3770 1152 3825 seori
1173 3777 1202 3823 et
1219 3788 1267 3824 an·

205 3851 276 3928 tiqui
293 3848 486 3930 Aegyptiarum
504 3856 651 3932 scriptores
670 3853 704 3910 de
721 3854 765 3910 his
783 3857 856 3912 varia
868 3855 1036 3923 tradiderint,
1055 3864 1111 3911 turn
1123 3855 1204 3910 etiam
1217 3873 1266 3910 cnr

206 3937 253 4015 qni
271 3933 353 3992 hodie
376 3939 471 3995 vivunt
493 3951 598 3997 caetera
620 3939 728 4016 quidem
750 3943 886 4019 sapientes
909 3962 964 3997 non
986 3940 1079 3997 eadem
1102 3939 1136 3996 de
1158 3937 1203 3995 his
1225 3937 1268 3994 lo-

205 4031 328 4098 quantur.
375 4021 463 4078 dieo
455 4026 543 4098 igitur,
562 4025 660 4082 multae
678 4047 739 4083 eum
757 4030 813 4084 sint
830 4030 859 4084 in
876 4030 1003 4085 universo
1017 4027 1152 4084 essentiae
1164 4044 1266 4100 eaeque

205 4108 275 4164 inter
291 4129 323 4165 se
340 4106 420 4166 valde
438 4107 569 4178 diversae,
592 4109 676 4167 multa
692 4133 800 4189 qnoque
818 4134 907 4170 earnm
924 4113 1057 4192 principia
1076 4111 1201 4170 diversos
1218 4109 1268 4167 ha·

205 4189 294 4250 bentia
312 4195 421 4253 ordines
439 4194 537 4252 tradita
555 4194 637 4266 inere,
655 4206 683 4252 et
700 4196 733 4253 ab
752 4197 812 4256 aliis
825 4199 1011 4257 sacerdotibus
1024 4196 1082 4256 alie,
1128 4199 1267 4276 principia

81 4510 248 4588 A
