2776 4876
208 344 284 409 8,ss
1214 347 1264 403 141

206 505 296 584 μένει
318 500 353 565 δὲ
376 504 413 564 έν
434 499 532 587 ἑαυτῇ
554 500 661 564 τελεία
683 503 740 567 καὶ
763 499 986 586 συλλαμβάνει
1009 505 1070 587 μὲν
1092 498 1177 568 αάτά
1192 499 1265 587 ἅμα

207 616 243 676 έν
263 612 371 700 έαντῇ,
393 607 447 675 ὑπ’
468 607 602 687 οὐδενός
623 635 659 695 χε
681 608 748 698 μὴν
770 615 900 679 ἐκείνων
918 608 993 680 οάτε
1008 624 1175 700 κρατεῖται
1190 608 1265 681 crite

173 736 188 786 ε
207 725 398 810 περιέχεται.
556 805 558 809 y

296 828 422 912 Μάτην
445 823 504 899 οὖν
526 830 548 913 ἡ
578 830 715 916 τοιαότη
738 831 881 901 ὑπόνοια
900 837 1095 921 παρενοχλεῖ
1114 843 1184 913 τοῖς
1206 833 1267 902 ἀν·

207 939 368 1032 θρώποις.
407 940 481 1009 οὐδὲ
503 937 567 1031 χάρ
590 947 753 1031 μερίζεται
776 941 895 1023 ostede
909 941 1002 1034 παρά
1023 943 1100 1023 τοὺς
1115 947 1266 1034 διηρημί·

174 1074 190 1126 6
208 1077 285 1132 νονς
306 1050 449 1142 τρόπους
463 1056 522 1136 τῆς
536 1057 704 1140 μαντείας,
726 1053 800 1121 ἀλλ’
820 1055 1004 1146 ἀμερίστως
1018 1053 1170 1134 ἅπαντας
1186 1081 1266 1123 κατ-

214 1162 399 1250 εργάζεται·
428 1163 504 1232 οάδέ
525 1159 613 1232 κατά
631 1163 756 1255 χρόνον
777 1169 976 1259 διῃρημένος
997 1163 1117 1234 ἀλλοτε
1144 1163 1265 1246 ἀλλους

209 1279 353 1355 ἐπιτελεῖ,
375 1272 464 1343 ἀλλά
485 1274 625 1362 ἀθρόως
645 1281 701 1345 καί
723 1273 795 1364 ἅμα
817 1280 1007 1366 δημιουργεῖ
1027 1274 1156 1356 πάντας
1178 1275 1265 1345 κατά

174 1404 191 1456 9
208 1388 289 1471 μίαν
312 1383 486 1471 ἐπιβολήν·
509 1385 584 1455 οὐδὲ
606 1392 680 1477 περὶ
702 1385 745 1455 τά
760 1399 882 1477 σημεῖα
896 1393 1065 1476 κατέχεται
1079 1391 1265 1477 περιειλημ-

208 1501 306 1585 μένος
327 1504 364 1564 έν
385 1497 500 1577 αὐτοῖς
520 1495 542 1580 ἢ
565 1501 787 1589 διωρισμένος,
810 1499 882 1568 ἀλλ’
899 1506 934 1567 έν
956 1502 1062 1586 tactui
1076 1504 1132 1568 καὶ
1147 1496 1189 1567 τά
1205 1523 1266 1581 ση-

209 1616 287 1691 μεῖα
309 1614 443 1696 συνέχει,
466 1612 640 1701 συνείληφε
662 1635 697 1677 τε
720 1607 806 1678 αὐτὰ
828 1617 864 1678 έν
885 1613 934 1678 ἑνὶ
955 1613 1012 1679 καὶ
1025 1609 1163 1700 προάγει
1179 1607 1267 1678 κατά

157 1737 192 1788 12
211 1720 294 1803 μίαν
314 1716 478 1804 βούλησιν
500 1719 561 1811 ἀφ’
581 1723 709 1788 ἑαυτοῦ.

297 1832 341 1896 El
363 1832 398 1897 dd
420 1834 476 1899 καὶ
498 1827 576 1921 ἀχρι
596 1832 663 1897 τῶν
685 1827 824 1919 ἀεμάχων
847 1827 919 1900 olor
940 1834 1114 1923 ψηφιδίων
1134 1826 1157 1912 ἢ
1179 1828 1265 1919 ῥάβ·

209 1941 275 2006 δων
296 1937 320 2021 ἢ
341 1937 446 2020 ξόλων
467 1945 564 2009 τινῶν
586 1938 610 2024 ἢ
630 1944 741 2009 λίθων
763 1937 785 2024 ἢ
806 1944 918 2030 πυρῶν
940 1938 962 2024 ἢ
984 1941 1134 2033 ἀλφίτων
1163 1939 1265 2024 διήκει

158 2066 191 2118 15
209 2054 249 2141 τῇ
270 2049 486 2140 προδηλόσει,
516 2048 598 2120 αὐτό
619 2054 720 2120 τοῦτο
743 2056 800 2120 καὶ
827 2047 866 2119 τό
888 2050 1174 2140 θαυμασιώτατόν
1195 2059 1265 2120 εστι

209 2166 270 2243 τῆς
285 2165 386 2240 θείας
407 2167 567 2249 μαντικῆς
588 2167 830 2252 προσημασίας,
854 2160 938 2229 διότι
959 2167 1017 2230 καὶ
1036 2173 1107 2243 τοῖς
1121 2161 1266 2256 ἀψύχοις

208 2270 320 2361 ψυχὴν
341 2277 398 2341 καὶ
412 2281 483 2351 τοῖς
499 2271 667 2361 ἀκινήτοις
680 2276 808 2355 κίνησιν
822 2276 981 2351 ἐνδίδωσι,
1003 2284 1138 2343 ποιεῖτε
1152 2271 1265 2341 πάντα

285 2477 307 2526 1.
335 2468 424 2539 αὐτὰ]
445 2475 530 2526 luctui
546 2473 581 2526 D.
739 2476 764 2527 2.
791 2494 820 2542 χι
839 2493 890 2526 om.
908 2474 942 2525 D.
1109 2475 1134 2526 1.
1161 2470 1262 2542 μάτην]

279 2559 378 2630 μάντιμ
393 2553 573 2627 murinorum
590 2558 624 2610 ὓ.
697 2560 721 2611 5.
740 2554 1028 2626 oddtlsicl),cdve0.
1100 2560 1125 2612 6.
1136 2561 1161 2612 7.
1180 2553 1264 2630 ἀπερ-

280 2644 390 2714 γάζεται
408 2645 465 2696 ΑΙ).
573 2645 598 2698 9.
625 2643 763 2713 ἐπιβουλὴν
779 2645 813 2697 D.
910 2646 958 2700 10.
986 2645 1152 2716 διωρισμένος
1169 2642 1263 2713 scripsi,

280 2731 441 2802 διορισμίνος
459 2730 516 2794 ΑΙ),
535 2731 705 2802 διωρισμένας
723 2729 757 2784 0.
830 2731 925 2784 10.11.
952 2731 987 2784 τά
1005 2728 1118 2801 σημεῖα]
1135 2728 1172 2781 sic
1183 2728 1263 2791 ACD,

280 2815 377 2870 τάσσει
392 2816 444 2885 μίηι
460 2816 493 2880 Β,
516 2815 589 2875 τάξει
604 2817 656 2886 μίμ
674 2815 709 2870 0.
792 2817 834 2869 13.
862 2818 984 2887 ψηφίδων
1003 2818 1036 2867 A.
1120 2816 1163 2872 17.
1190 2812 1261 2881 τοῖς]

279 2921 329 2955 cm.
348 2900 381 2955 0.
488 2896 497 2913 “

208 3087 267 3163 pria
284 3083 376 3141 reddit
392 3104 476 3161 esque
493 3087 597 3161 integre
608 3094 706 3152 servat,
725 3096 829 3163 perstat
841 3085 913 3163 apud
924 3105 953 3142 se
965 3085 1093 3164 perfecte,
1112 3105 1197 3161 eaque
1208 3105 1264 3142 orn·

209 3174 252 3226 nia
269 3173 299 3227 in
317 3190 347 3226 se
365 3169 574 3247 comprehendit,
593 3171 626 3227 ab
638 3190 730 3228 eorum
741 3171 816 3228 nullo
829 3181 937 3229 tenetur
947 3181 992 3226 aut
1004 3168 1244 3248 comprehenditur.

280 3255 374 3332 ltaque
390 3254 488 3311 frustra
505 3254 660 3311 huiusmodi
678 3258 798 3334 suspicio
814 3257 905 3314 turbat
915 3255 1045 3311 hominos.
1092 3258 1263 3331 nequeenim

209 3341 275 3398 deus
294 3341 452 3398 distrahitur
470 3359 519 3418 pro
537 3343 619 3398 variis
636 3343 757 3399 vaticinii
780 3363 849 3419 quos
873 3343 1066 3418 assignavimus
1089 3340 1189 3409 modis,
1213 3341 1263 3396 sed

209 3427 381 3484 indistrictus
400 3446 493 3483 omncs
511 3425 605 3483 efficit:
626 3447 676 3484 nec
693 3428 859 3506 temporibus
877 3428 993 3485 diversis
1011 3426 1078 3483 alios
1097 3436 1178 3509 atque
1193 3424 1262 3482 ulios

208 3513 371 3590 suppeditet,
393 3512 443 3567 sed
460 3531 514 3568 uno
532 3521 598 3568 nutu
616 3511 701 3569 semel
719 3522 747 3570 et
764 3513 844 3570 simul
862 3533 956 3570 omnes
974 3513 1106 3589 suggerit3
1129 3532 1216 3587 neque
1234 3514 1264 3568 iu

208 3599 323 3654 ostentis
341 3598 492 3653 continetur
509 3597 708 3666 distrahimur,
727 3599 776 3656 scd
792 3602 846 3655 iste
864 3608 969 3655 ostenta
987 3601 1016 3654 in
1028 3618 1059 3654 se
1070 3599 1131 3675 ipso
1144 3599 1264 3655 continet

207 3692 235 3738 et
253 3684 280 3736 iu
298 3701 350 3737 una
367 3681 451 3737 forma
469 3680 670 3761 complectitur,
693 3693 721 3741 ct
739 3705 772 3742 ex
794 3704 825 3741 sc
842 3683 970 3762 producit
988 3684 1076 3738 omnia
1098 3702 1152 3741 uno
1170 3681 1266 3741 volun*

119 3774 123 3782 '
207 3769 271 3823 totis
290 3776 359 3822 autu.

278 3850 362 3926 Quod
381 3862 468 3908 autem
487 3852 521 3909 ad
539 3855 613 3930 signa
631 3853 710 3909 nobis
728 3852 894 3909 ostendenda
913 3850 1060 3908 descendet
1082 3855 1161 3911 etiam
1179 3853 1213 3910 ad
1224 3855 1263 3909 in-

207 3939 330 4005 animato,
349 3948 413 4015 puts
431 3937 465 3994 ad
484 3936 607 3994 calculos«
620 3940 708 4014 virgas
726 3936 797 4013 ligne
816 3937 957 4014 quaedam,
976 3935 1081 4014 lapides
1103 3937 1262 3996 frumemum

207 4023 325 4092 larinum,
351 4034 394 4080 est
411 4022 463 4080 hoc
488 4022 596 4100 quidem
613 4025 641 4079 in
659 4022 749 4079 divina
770 4025 890 4080 vaticinii
912 4024 1171 4102 praesignificatione
1189 4021 1263 4097 quod

207 4112 320 4165 maxime
336 4112 469 4180 miremur,
495 4113 620 4186 quoniam
637 4112 724 4166 nostri
742 4111 825 4187 gratia
842 4111 995 4167 inanimatis
1013 4113 1138 4175 animam,
1160 4116 1262 4163 motum

207 4195 387 4254 immobilibus
406 4196 541 4274 largiatur,
564 4194 696 4272 faciatque
713 4199 801 4253 omnia
818 4199 960 4274 perspicua
983 4205 1011 4253 et
1027 4191 1217 4269 cognoscibilia
1234 4203 1262 4250 et
