2776 4876
162 365 213 421 196
1145 357 1173 422 ⁴,
1183 359 1217 410 12

162 527 228 589 λον
250 519 413 607 σύμμιξιν.
452 515 591 584 δύναται
614 519 648 583 δὲ
670 519 726 582 καί
748 511 815 582 ἀπὸ
839 519 953 600 τέχνης
975 515 1168 600 ἐγείρεσθαί
1184 536 1219 579 τε

162 638 217 700 καὶ
239 633 463 698 ἐπιτείνεσθαι
484 632 612 712 μᾶλλον
626 631 687 696 τοῦ
701 630 849 703 δέοντος·
873 620 955 692 αὐτό
970 627 1031 710 μέν
1054 616 1114 691 οὖν
1131 627 1220 690 καθ’

161 739 258 811 ἑαυτό
280 746 335 809 καί
358 738 396 809 τὸ
419 744 583 808 διατεῖνον
605 738 662 805 ἀπ’
683 738 787 806 αὐτοῦ
809 741 882 826 περὶ
906 733 986 803 ὅλον
1008 734 1069 802 τόν
1092 734 1223 821 κόσμον
1245 753 1260 803 ³

164 851 307 940 ἀγαθόν
329 859 364 919 ιε’
380 859 457 932 έστι,
478 856 534 918 καὶ
556 849 750 937 πληρώσεως
773 849 889 928 αίτιον,
911 852 1085 927 κοινωνίας
1106 873 1142 914 τε
1166 851 1225 913 καὶ

163 964 305 1033 συνόδου
326 968 382 1030 καὶ
406 967 606 1052 συμμετρίας
628 957 900 1046 συναρμοστικόν,
922 959 1042 1047 έροιτός
1063 984 1098 1026 τε
1121 957 1224 1025 ἀδιό-

163 1081 262 1144 λντον
290 1070 396 1162 ἀρχὴν
425 1078 580 1155 ἐντίθησι
608 1077 647 1164 τῇ
675 1070 801 1150 ένιόσει,
837 1056 1084 1158 διακρατοόσαν
1112 1067 1157 1136 τό
1187 1090 1259 1138 τευ

164 1184 246 1255 ὄντα
268 1192 324 1253 καί
346 1182 389 1252 τά
411 1183 598 1270 γιγνόμενα.
644 1192 679 1251 ἐν
707 1186 742 1250 δὲ
763 1193 834 1260 τοῖς
862 1189 973 1272 μέρεσι
996 1179 1052 1247 διά
1075 1176 1138 1262 τὴν
1158 1179 1221 1246 ἀπ’

163 1296 315 1379 ἀλλήλων
344 1301 400 1363 καὶ
423 1299 488 1362 τῶν
512 1292 598 1363 ὅλων
620 1292 823 1378 ἀπόστασιν,
853 1298 909 1361 καὶ
941 1291 1025 1359 διότι
1047 1292 1135 1358 κατά
1162 1289 1227 1372 τὴν

164 1413 253 1478 ίὸίαν
275 1408 383 1475 αὐτῶν
407 1406 508 1496 ιμίσιν
531 1407 633 1487 ἀτελῆ
657 1412 690 1472 τέ
714 1408 860 1473 ἐστικαὶ
883 1407 977 1487 ἐνδεῆ
999 1408 1055 1473 καὶ
1078 1402 1224 1484 ἀσθενῆ,
1245 1420 1260 1471 9

160 1517 246 1606 ’μετά
268 1516 404 1595 πόθους
427 1527 568 1584 ποιεῖται
591 1515 651 1598 τὴν
674 1516 912 1602 ἀλληλουχίαν·
944 1515 1005 1607 ἀφ’
1027 1508 1066 1582 οὗ
1095 1512 1137 1596 δὴ
1166 1519 1227 1580 καὶ

164 1635 327 1716 ἐπιθυμία
362 1633 417 1694 καὶ
449 1631 558 1718 έφεσις
599 1625 769 1715 σύμφυτος
809 1627 918 1695 αὐτῶν
951 1639 1022 1704 τοῖς
1058 1630 1226 1704 πλείστοις

165 1745 278 1807 ἔνεστι.
1244 1751 1276 1801 12

253 1853 447 1917 Κατιόοῦσα
482 1845 522 1928 δὴ
552 1840 611 1914 οὖν
646 1844 728 1915 αὐτὸ
757 1846 860 1926 οὕτως
893 1847 1146 1936 ένσπειρόμενον
1180 1854 1223 1938 τῇ

165 1961 261 2054 φύσει
282 1966 337 2028 καὶ
359 1966 432 2045 περὶ
456 1956 559 2040 αὐτην
587 1957 799 2046 μεριζόμενον
822 1965 932 2047 τέχνη,
961 1962 1222 2037 πολυειδῶςκαὶ

164 2071 249 2154 αὐτὴ
273 2074 466 2160 μεριζομένη
489 2074 562 2158 περὶ
585 2064 646 2151 τὴν
669 2068 770 2162 φύσιν
792 2076 874 2138 έλκει
888 2074 1050 2149 ’ποικίλοις
1065 2066 1223 2138 αὐτὸκαὶ
1243 2091 1276 2140 15

163 2182 370 2270 μετοχετεύει,
393 2187 448 2248 καί
472 2177 511 2247 τό
534 2185 593 2265 μὲν
615 2188 650 2248 έν
670 2186 775 2266 lamp
798 2187 997 2268 τεταγμένον
1020 2189 1064 2260 είς
1079 2181 1224 2263 ἀταξίαν

163 2293 306 2382 μετάχει,
330 2291 368 2360 τό
391 2297 425 2360 δὲ
447 2290 568 2371 κάλλος
590 2297 645 2359 καὶ
660 2290 700 2358 τό
714 2295 781 2360 τῶν
797 2296 890 2360 εἰδῶν
906 2292 1094 2381 σύμμετρον
1115 2294 1223 2379 ἀσυμ-

162 2411 297 2496 μετρίας
319 2410 375 2472 καὶ
398 2402 633 2490 ἀσχημοσύνης
656 2407 873 2489 ἐμπίμπλησι,
903 2400 940 2471 τό
964 2404 992 2470 δ’
1015 2411 1050 2471 έν
1071 2405 1225 2484 ἑκάστοις
1244 2419 1276 2469 18

228 2601 258 2673 3.
286 2601 331 2654 καί
348 2596 397 2663 τὸ]
416 2596 544 2659 uesci),
561 2617 614 2649 em.
634 2598 666 2651 0.
753 2600 777 2649 7.
804 2595 927 2666 γινόμενοι
945 2598 979 2649 D.
1068 2599 1108 2650 16.
1141 2618 1224 2667 μετο-

161 2752 164 2756 .
231 2684 324 2751 χετεὺς
341 2687 372 2738 Α.
393 2678 405 2750 ΙΙ
426 2689 451 2735 ἓν
469 2703 520 2734 om.
541 2683 621 2735 Act).
704 2686 745 2735 17.
773 2686 876 2751 μετέχει
895 2684 924 2734 Α.
1009 2685 1104 2736 17,18.
1133 2679 1224 2753 ἀσυμ-

232 2772 343 2838 μετρίας
361 2768 420 2833 καί]
440 2769 474 2820 sic
494 2768 577 2829 rlCDt
597 2788 648 2820 om.
668 2768 700 2823 O.
827 2771 870 2822 18.
899 2761 1044 2838 ἐμπίπλησι
1062 2770 1095 2822 l).
1120 2763 1133 2836 ΙΙ
1158 2765 1184 2821 ‹l’
1198 2775 1225 2821 lv

234 2851 371 2918 indurare]
392 2849 417 2904 δ’
431 2854 505 2906 ἓνεκα
523 2855 570 2921 τῆς
590 2853 669 2907 ACD.

164 3021 197 3077 ad
216 3021 380 3077 seinvicem
399 3020 551 3076 miscendas
569 3031 664 3098 suapte
681 3032 783 3078 natura.
829 3025 918 3100 possit
936 3025 1016 3078 eiiam
1032 3023 1166 3079 eiusmodi
1178 3044 1226 3100 ap·

162 3108 264 3185 petitus
283 3115 340 3161 arte
358 3104 473 3181 quadam
491 3108 598 3164 incitari
617 3117 644 3163 et
666 3109 769 3164 intendi
791 3117 898 3185 praeter
921 3108 1051 3165 ordinem.
1097 3108 1164 3165 haee
1182 3112 1225 3164 vis

163 3191 331 3249 conciliatrix
350 3193 408 3270 ipsa
427 3200 454 3247 εί
473 3193 602 3269 quiequid
619 3192 652 3248 ab
671 3214 701 3251 ea
716 3197 745 3251 in
757 3196 911 3250 uuiversum
923 3191 1051 3251 mundum
1063 3187 1227 3251 diffunditur

163 3277 262 3333 bonum
281 3287 336 3344 est,
361 3276 557 3356 plenitudinem
579 3279 665 3336 elficit
687 3283 899 3336 communionem
922 3301 1094 3351 eonsensum,
1110 3300 1226 3356 symme-

162 3365 241 3420 triam
258 3373 320 3441 apte
338 3373 365 3419 et
382 3363 535 3421 harmonice
552 3376 687 3442 procurat,
711 3369 810 3423 ameris
827 3369 989 3443 unionisque
1011 3369 1116 3423 initium
1142 3367 1226 3422 rebus

161 3450 286 3506 omnibus
308 3448 390 3517 indit,
413 3471 463 3527 per
486 3451 560 3527 qnod
582 3472 649 3527 quae
672 3463 736 3508 sunt
758 3472 878 3529 quaeque
901 3453 969 3509 finnt
990 3456 1114 3508 universa
1136 3455 1226 3508 eonti-

123 3591 126 3597 ,
162 3545 267 3590 nentur.
314 3537 342 3589 in
365 3537 488 3614 partibus
506 3557 567 3593 eum
584 3547 695 3614 propter
718 3559 809 3594 earum
832 3538 987 3595 distantiam
1010 3548 1038 3594 et
1057 3539 1174 3593 invicem
1196 3547 1225 3593 et

163 3639 178 3673 a
196 3623 270 3686 tetis,
288 3630 345 3676 tum
364 3624 444 3679 etiam
462 3633 573 3700 prepter
590 3625 709 3701 ipsarum
726 3633 849 3680 naturam
865 3625 1051 3702 imperfectam·
1066 3642 1177 3699 egenam
1197 3633 1225 3678 et

162 3703 289 3771 debilem,
308 3726 363 3762 non
382 3711 436 3765 nisi
455 3729 515 3764 enm
532 3711 660 3786 passione
677 3719 796 3765 mutuum
813 3712 924 3768 eenlieit
942 3729 1131 3786 congressum
1152 3709 1224 3765 unde

162 3797 191 3843 et
208 3789 351 3847 vehemens
369 3798 505 3871 appetitus
523 3804 551 3850 et
568 3797 656 3850 aerior
674 3796 789 3871 impetus
807 3817 896 3854 earum
909 3797 1034 3875 plurimis
1045 3797 1205 3853 innascitur.

234 3871 381 3950 Postquam
397 3891 485 3942 autem
503 3883 558 3936 rim
576 3881 644 3936 hane
663 3880 768 3956 coaguli
785 3885 887 3958 passim
905 3894 1013 3940 naturae
1032 3885 1141 3939 insitam
1153 3883 1224 3939 indi-

162 3969 270 4036 lemque
288 3958 469 4036 deprehendat
487 3986 543 4033 ars,
567 3986 634 4042 qnae
652 3967 757 4043 etipsa
783 3989 889 4044 quoque
908 3973 981 4026 varie
1004 3972 1075 4025 eirea
1098 3979 1223 4025 naturam

162 4054 322 4124 occupatur,
345 4047 428 4103 trahit
450 4070 506 4106 eam
530 4055 611 4108 variis
634 4055 783 4110 rationibus
809 4065 836 4111 et
859 4059 935 4131 quasi
960 4059 987 4111 in
1006 4075 1087 4111 unum
1106 4055 1221 4122 derivat,

162 4142 242 4208 alque
261 4131 328 4188 adeo
347 4132 421 4207 qnod
439 4143 496 4188 erat
514 4135 663 4194 ordinatum
676 4142 702 4195 in
716 4160 747 4196 se
758 4140 792 4196 ad
805 4139 989 4197 confusionem
1001 4140 1127 4208 traducit,
1146 4142 1223 4217 qued

162 4216 302 4289 pulnluum
320 4228 347 4275 et
365 4220 544 4296 compositum
562 4227 722 4282 enormitate
737 4237 764 4282 et
782 4227 947 4303 turpitudine
960 4225 1053 4303 replet,
1074 4226 1147 4301 qued
1160 4227 1222 4303 pul·
