2776 4876
169 345 206 400 22
1172 345 1224 408 l‚u

171 507 238 569 τῶν
260 498 378 581 ὄντων,
407 507 502 588 τέχνη
525 526 560 568 τε
583 496 797 590 δημιουργιιιίγ
825 502 885 567 τοῦ
912 495 1040 577 παντὸς
1065 507 1137 576 τοῖς
1163 503 1225 584 μὲν

171 618 269 692 θεοῖς
290 612 443 692 ὡσαύτως
464 613 516 682 ἀεὶ
542 610 681 702 πάρεστι
708 615 822 690 τελέως
849 615 906 678 καὶ
934 609 1108 689 ἀνενδειλς,
1137 607 1224 676 κοιτά

171 729 253 813 μίαν
280 731 445 812 ἐνέργειαν
472 728 621 793 ἑστῶσαν
641 730 678 791 ἐν
697 728 797 817 ἑαυτῇ
824 726 1000 812 καθαρῶς,
1027 720 1049 802 ἡ
1073 723 1108 788 δὲ
1132 721 1259 814 etegit

170 841 232 904 νοῦ
251 861 286 904 τε
307 842 432 924 μετίχει
452 840 607 925 μεριστοῦ
627 840 685 903 καὶ
705 838 905 914 πολυειδούς,
926 841 972 913 είς
992 830 1055 915 την
1067 837 1129 902 τού
1143 830 1225 902 ὅλον

171 972 206 1016 τε
226 953 436 1037 προστασίαν
463 948 768 1033 ἀναποβλίποντος,
796 951 851 1015 κοιλ
879 941 964 1028 αὐτη
991 950 1058 1013 τῶν
1084 941 1225 1034 ἀψύχων

171 1064 369 1148 ἐπιμελεῖται
390 1055 509 1126 ἀλλοτε
530 1068 566 1127 ὲν
587 1054 702 1136 ἀλλοις
723 1059 840 1127 είδεσιν
862 1062 1084 1144 ἐγγιγνομένη.
1241 1077 1260 1128 ι

257 1168 337 1240 Ἀπὸ
360 1167 401 1253 δὴ
424 1173 489 1238 τῶν
512 1168 621 1239 αὐτῶν
642 1174 756 1236 αἰτίων
778 1183 849 1248 τοῖς
869 1174 930 1256 μὲν
943 1171 1126 1255 κρείττοσιν
1140 1164 1225 1249 αὐτὴ

171 1285 199 1366 ἡ·
215 1282 307 1364 τάξις
328 1280 411 1351 αὐτὸ
433 1279 472 1348 τὸ
494 1280 614 1360 κάλλος
636 1278 841 1370 συνυπάρχει,
863 1277 885 1363 ἢ
907 1288 936 1347 εί
957 1276 1060 1358 οὕτως
1080 1283 1131 1358 τὶς
1143 1277 1226 1366 βού-

171 1399 261 1463 λοιτο
282 1394 523 1474 ἀποτίθεσθαι,
545 1392 566 1476 ἡ
589 1397 680 1462 αὶτία
704 1391 829 1460 τούτων
850 1397 1100 1483 συνυφίστηκεν,
1127 1395 1168 1484 τῇ
1189 1393 1260 1460 δίε

170 1508 261 1598 ψυχῇ
287 1509 406 1594 νοερᾶς
433 1504 555 1587 τάξεως
588 1510 643 1572 καὶ
672 1507 772 1573 θείου
798 1502 940 1583 κάλλους
966 1499 1226 1590 μεταλαγχάνειν

172 1615 225 1684 ἀεὶ
249 1616 394 1684 σύνεστι·
416 1621 473 1684 καὶ
494 1629 566 1695 τοῖς
585 1620 646 1704 μὲν
668 1613 707 1683 τὸ
721 1623 842 1705 μέτρον
857 1618 924 1682 τῶν
938 1612 1025 1683 ὅλων
1039 1611 1062 1696 ἢ
1075 1610 1115 1681 τὸ
1129 1616 1226 1683 τοῦδε

172 1727 279 1794 σύειον
301 1725 488 1815 σύνδρομον
507 1725 646 1816 πάρεστι
667 1725 723 1794 διά
744 1724 919 1808 παντός,ἡ
942 1729 977 1794 δὲ
999 1730 1045 1812 τῷ
1067 1729 1154 1812 θείῳ
1167 1730 1225 1792 πί-
1244 1739 1278 1791 12

171 1863 248 1926 ρατι
269 1838 472 1930 ἀφορίζεται,
500 1844 557 1906 καὶ
578 1836 697 1907 τούτου
717 1843 842 1926 μετέχει
868 1840 1055 1926 μεριστάς·
1078 1841 1133 1904 καὶ
1154 1846 1227 1916 τοῖς

171 1955 232 2037 μίν
254 1950 400 2038 ἐξαρκεῖν
422 1950 476 2042 ἀφ’
496 1947 560 2019 ὅλα
582 1948 625 2017 τά
647 1946 730 2018 ὄντα
751 1955 790 2044 τῇ
811 1953 872 2032 τῆς
893 1955 1003 2028 αίτίας
1017 1947 1155 2036 δυνάμει
1168 1953 1226 2016 not

170 2065 420 2154 τῇ·δπινερατείηι
442 2060 583 2147 εὐλόγως
606 2058 648 2130 ἀν
671 2061 815 2144 ἀποδοίη
836 2088 895 2142 τις,
917 2060 984 2143 ἡδ’
1001 2064 1064 2149 ίχει
1078 2058 1154 2129 τινά
1166 2067 1225 2128 πί-
1245 2073 1277 2124 tt

170 2197 258 2262 ρατα
281 2176 492 2259 διειλημμένα
513 2178 625 2261 μίχρις
646 2170 735 2242 ὅσων
757 2172 908 2262 ἐπάρχειν
930 2170 1076 2240 δύναται.

264 2282 431 2352 Τοιούτων
456 2280 497 2366 δὴ
514 2283 620 2352 ὄντων
632 2287 700 2353 τῶν
714 2283 886 2376 διαφόρων
901 2284 1086 2368 ίδιιεμάτων
1106 2291 1142 2350 ἐν
1155 2295 1226 2362 τοῖς

242 2491 267 2541 1.
292 2509 321 2541 τε
339 2507 390 2540 om.
409 2487 443 2541 0.
515 2490 540 2540 2.
568 2483 862 2554 τελέωςναὶάνενδίως]
881 2491 973 2546 τελέως
991 2489 1035 2539 καὶ
1053 2481 1104 2538 αύτ
1123 2478 1177 2553 (αά
1196 2487 1226 2549 C,

241 2570 436 2639 ἀυῦ)...
450 2577 495 2627 καὶ
507 2569 631 2634 ἀνενύίως
650 2573 755 2627 Atel).
827 2576 853 2626 b.
875 2578 1023 2643 ίγγιιομίνη
1041 2573 1099 2625 ΑΙ).
1124 2612 1127 2616 Α
1157 2574 1185 2625 8.
1207 2571 1227 2642 ἢ

241 2679 293 2712 orn.
312 2662 343 2711 A.
363 2654 376 2729 ΙΙ
398 2658 468 2713 οὕτω
486 2658 539 2711 Ac.
603 2663 646 2714 11-.
672 2656 771 2715 ἀεελλ).
842 2661 884 2712 14.
911 2657 1036 2731 ίξιερκελν]
1054 2657 1135 2722 stet),
1153 2661 1226 2730 ἐξειρ-

239 2750 285 2812 χεῖ
299 2747 331 2808 Α,
357 2748 459 2816 despuet
474 2745 503 2808 C,
529 2749 644 2819 ίξωρχεῖν
663 2747 697 2800 0.
788 2749 829 2800 16.
857 2743 991 2816 λποιρχεῖν]
1010 2744 1045 2796 sic
1058 2749 1088 2809 Α,
1103 2744 1226 2815 ἐπάρχειν

244 2832 280 2882 vel
300 2829 414 2901 ε’πάρχην
432 2832 462 2895 C,
480 2829 580 2903 ίπάρχη
598 2833 632 2894 l),
650 2832 753 2904 ἐπάρχῃ
774 2833 807 2885 0.

172 3004 228 3063 dux
245 3015 273 3062 et
289 3025 347 3075 rex,
365 3009 484 3063 universi
501 3011 570 3065 ratio
590 3008 688 3086 opifex,
711 3010 764 3067 diis
782 3010 890 3087 quidem
908 3010 985 3067 adest
1007 3026 1115 3085 semper
1131 3007 1227 3066 eodem

171 3092 262 3162 modo,
281 3091 400 3172 perfecte
418 3102 446 3148 et
463 3095 521 3151 sine
539 3095 697 3172 indigentia,
720 3097 866 3154 secundm
888 3112 969 3153 unum
993 3096 1176 3172 operationem
1198 3097 1227 3150 iu

171 3201 201 3237 se
219 3181 278 3259 ipsa
295 3199 362 3258 pure
380 3190 560 3238 constantem:
583 3185 670 3238 anima
693 3192 781 3239 autem
802 3186 901 3241 mentis
921 3185 1057 3261 particeps
1080 3191 1123 3237 eat
1143 3183 1227 3258 parti·

170 3265 234 3324 bilis
256 3265 480 3343 multiformisque
502 3277 529 3324 et
551 3267 585 3324 ad
613 3269 831 3344 gubernationem
857 3271 977 3327 universi
1003 3267 1226 3336 accommodatae,

170 3356 229 3433 ipsa
247 3355 328 3410 etiam
345 3356 486 3410 inanimato
504 3365 588 3424 curat,
607 3354 672 3410 alias
690 3354 750 3412 aliis
767 3355 860 3432 figuris
879 3356 979 3412 affecta.

162 3512 165 3521 y
240 3441 284 3498 Ab
308 3441 369 3497 istis
392 3444 481 3498 causis
504 3441 686 3522 superioribus
710 3441 786 3498 adest
808 3443 860 3498 diis
882 3440 951 3498 ordo
974 3460 1093 3498 summus
1114 3449 1142 3496 et
1164 3442 1225 3518 ipsa

170 3525 351 3605 pulchritudo,
370 3538 416 3584 aut
433 3531 458 3584 si
476 3532 537 3606 quis
556 3533 595 3586 sic
613 3526 688 3585 molit
704 3530 865 3596 existimare,
884 3528 980 3585 borum
996 3548 1077 3585 censa
1092 3537 1226 3583 utrorum·

171 3632 237 3688 σοι,
261 3616 362 3669 animae
379 3635 443 3672 vero
462 3616 571 3693 obtigit,
593 3613 698 3670 ordinis
719 3613 907 3672 intellectualis
929 3615 1087 3691 divinaeque
1108 3613 1226 3692 pulchri·

171 3698 272 3755 tudinis
284 3720 344 3756 esse
354 3703 519 3780 participem.
551 3712 579 3757 et
596 3702 651 3759 diis
669 3705 808 3779 proprium
826 3722 932 3780 semper
948 3713 991 3758 est
1002 3704 1226 3777 coniunctumque

171 3788 291 3843 universi
308 3807 430 3843 mensura
448 3788 498 3845 vet
510 3792 568 3847 eius
586 3808 679 3855 causa3
698 3790 784 3844 anima
802 3787 894 3844 divino
912 3789 966 3845 fine
981 3788 1083 3845 excidit
1094 3786 1181 3863 deque
1191 3807 1225 3843 eo

172 3871 338 3950 aliquatenus
350 3876 500 3953 participat
541 3876 593 3932 diis
605 3896 661 3932 nou
679 3877 811 3932 immerito
829 3874 931 3932 tribum
943 3875 978 3932 ad
993 3876 1081 3930 omnia
1094 3873 1227 3931 sufficien-

160 3961 236 4034 tiam
253 3967 366 4037 propter
384 3959 545 4017 causalitotis
563 3982 626 4018 suae
644 3964 699 4018 rim
716 3973 744 4019 et
761 3965 920 4041 potentiam:
945 3963 1032 4018 anima
1049 3959 1131 4016 hebet
1146 3980 1226 4037 quos·

172 4047 233 4103 dam
253 4044 353 4102 limites
375 4048 570 4124 praescriptos,
596 4048 630 4105 ad
653 4070 735 4125 quos,
761 4047 923 4115 nonnius,
946 4049 1004 4104 eins
1027 4047 1095 4104 ditio
1116 4047 1227 4105 extendi

172 4135 269 4209 possit.
586 4156 588 4161 ’
1064 4168 1067 4173 ,

242 4218 313 4277 Haec
332 4220 413 4296 igitur
431 4236 492 4276 cum
514 4221 569 4276 aiut
592 4229 769 4279 extremorum
793 4221 932 4289 idiomata,
955 4223 1045 4299 possit
1065 4223 1126 4298 qais
1147 4219 1227 4278 facile
