2776 4876
209 362 264 426 22
1223 365 1259 423 69

210 521 426 608 συμφυυμλνη
449 542 483 585 τε
506 515 555 596 οἷς
582 514 625 584 όν
654 520 769 610 temp,
797 522 854 585 καὶ
874 518 941 608 cap*
955 512 1001 586 ὦν
1029 516 1071 587 όν
1097 518 1261 606 βούληται

210 627 440 715 ἀναχωροῦσα,
463 628 661 715 ὁμοιουμένη
683 641 753 708 τοῖς
773 634 856 696 πᾶσι
869 632 925 697 καί
939 628 982 697 δι’
996 628 1187 719 ίτερότητος
1201 631 1261 711 ἀπ’

174 753 190 804 3
209 738 319 807 αὐτῶν
340 741 541 825 διισταμίυη,
562 737 679 825 λόγους
699 764 734 807 τε
748 741 997 829 προχειρίζουσα
1011 755 1175 827 συγγενεῖς
1188 756 1258 822 τοῖς

209 842 285 919 οὖσι
304 854 361 919 καί
381 857 603 936 γιγνομίνοις,
628 854 725 930 θεοῖς
753 876 790 919 τε
809 849 1020 921 συνάπτουσα
1040 852 1160 935 ἑαυτὴν
1179 860 1253 931 κατ’

209 957 315 1040 ἄλλως
336 960 500 1050 ἁρμονίας
522 963 646 1030 οὐσιῶν
663 967 720 1030 καί
743 960 920 1050 δυνάμεων,
942 959 964 1044 ἢ
985 963 1068 1029 aao’
1087 969 1163 1043 σίας
1184 968 1257 1033 δαί-

173 1079 307 1159 εμονίς
328 1098 362 1140 τε
384 1079 441 1141 καὶ
468 1071 572 1165 ἥρωες
598 1073 682 1159 πρὸς
709 1071 830 1153 αὐτοίς
857 1077 1090 1143 συνεπλέκοντο
1098 1099 1109 1114 ··
1135 1080 1191 1143 καί
1217 1073 1260 1144 τὰ

207 1188 268 1269 μὲν
290 1183 400 1251 ἀίδιον
420 1191 480 1267 τῆς
501 1185 621 1272 ὁμοίας
641 1187 726 1268 ζωῆς
746 1190 803 1253 καί
830 1189 995 1270 ἐνεργείας
1020 1186 1099 1274 παρ’
1119 1190 1256 1257 ἔλαττον

207 1299 337 1363 ἐκείνων
360 1299 488 1383 ίχυυσα,
516 1295 574 1365 διά
594 1300 629 1365 δὲ
651 1295 712 1379 τόν
734 1301 799 1365 τῶν
825 1302 916 1365 θεῶν
937 1295 1096 1382 βούλησιν
1117 1295 1260 1384 ἀγαθὴν·

173 1410 263 1475 λιταὶ
285 1402 347 1488 τὴν
368 1406 426 1475 ἀπ’
442 1407 551 1476 αὐτῶν
564 1412 775 1494 λνδιδομίννν
798 1403 908 1501 φωτός
924 1413 1087 1496 ίλλαμεμιυ
1101 1408 1258 1490 πολλάκις

208 1522 264 1585 καί
286 1516 437 1608 ἀνωτέρω
457 1522 621 1609 χωροῦσα,
643 1525 697 1587 aru
718 1517 853 1605 μείζονά
875 1545 909 1587 τε
931 1518 1024 1601 τάξιν
1047 1517 1106 1602 τὴν
1127 1520 1256 1607 ἀγγελι-

207 1627 269 1711 ιιὴν
289 1628 489 1716 άναγομίυη.
528 1627 585 1698 ὅτε
603 1627 647 1712 δὴ
668 1631 775 1699 οὐκέτι
790 1643 861 1709 τοῖς
875 1636 932 1713 τῆς
946 1634 1055 1723 ψυχῆς
1068 1629 1160 1720 ὅροις
1173 1633 1256 1701 ἀνα-

157 1755 190 1806 12
206 1746 305 1826 μίνει,
325 1737 363 1807 τό
385 1740 416 1808 δ’
432 1738 513 1809 όλον
528 1745 628 1809 τοῦτο
648 1751 695 1822 είς
708 1741 883 1829 ἀγγελικὴν
896 1740 1007 1834 ψυχὴν
1021 1750 1078 1811 καί
1091 1741 1257 1832 ἄχραντον

206 1855 384 1920 τελειοῦται
405 1850 499 1934 ζωήν.
545 1851 631 1920 ὅθεν
652 1850 695 1936 δὴ
715 1858 773 1921 καὶ
794 1858 883 1921 δοκεῖ
904 1853 1121 1933 παντοδαπός
1142 1855 1257 1934 οὐσίας

207 1966 262 2029 καὶ
284 1968 454 2051 ἐνεργείας,
477 1962 595 2050 λόγους
617 1991 651 2032 τε
672 1971 850 2045 παντοίους
871 1971 927 2034 καὶ
950 1967 1018 2048 eicio
1037 1963 1078 2033 τά
1093 1963 1159 2033 ὅλα
1171 1990 1255 2051 παρ

157 2082 287 2161 λείχειν
309 2082 344 2144 ὲν
366 2079 465 2168 ἑαυτῇ
494 2077 515 2158 ἡ
545 2075 645 2165 ψυχή.
690 2073 729 2145 τό
752 2082 802 2157 tt,
833 2086 861 2145 εί
879 2075 945 2164 χρὴ
973 2078 1120 2160 τάληθὲς
1148 2084 1256 2157 sinain,

207 2183 343 2271 ὥρισται
364 2191 424 2271 μὲν
446 2186 498 2253 ἀεὶ
520 2187 606 2253 καθ’
627 2195 661 2255 iu
689 2213 736 2268 τι,
761 2193 965 2257 κοινωνοῦσα
988 2193 1023 2255 δὲ
1044 2185 1164 2268 ἑαυτὴν
1186 2199 1256 2267 τοῖς

205 2303 463 2386 προηγουμένως
485 2303 603 2376 αίτίοις
625 2295 743 2366 ἄλλοτε
764 2295 879 2376 ἄλλοις
899 2297 1105 2365 συνάπτεται.

279 2456 305 2506 1.
333 2473 363 2505 τε
380 2448 401 2506 ά
419 2448 459 2514 οἷς
481 2454 515 2505 D.
623 2457 647 2506 4.
674 2460 815 2522 γινομένοις
838 2454 870 2505 1).
983 2455 1008 2504 7.
1036 2456 1201 2520 πετρίλοιττον
1224 2456 1254 2506 Α.

276 2544 301 2593 8.
328 2544 435 2606 ίχουσοιι
454 2541 510 2592 CD.
605 2543 629 2593 9.
657 2537 793 2610 ἔλλειμψιν]
813 2539 848 2590 εἰσ
867 2539 946 2601 ACD,
974 2542 1084 2607 ἴλαμεγιν
1102 2538 1134 2600 Β,
1161 2541 1256 2608 inlaps-

278 2642 323 2693 εριν
342 2626 374 2678 0.
460 2628 500 2680 10.
527 2625 664 2697 χωροῦσαι
682 2625 735 2676 (31).
816 2627 857 2678 13.
873 2626 915 2677 11.
944 2620 1039 2684 οὐσίας
1056 2626 1100 2676 aui
1118 2621 1254 2692 ἐνεργείας]

277 2712 312 2763 sic
326 2716 357 2776 A,
376 2707 471 2772 οὗσίας
483 2715 528 2765 καί
540 2706 634 2771 οὗσίας
645 2713 679 2775 D,
692 2707 785 2772 οὐσίας
797 2715 844 2763 καί
854 2712 888 2776 0,
907 2706 1001 2770 οὐσίας
1013 2711 1043 2762 C.
1133 2711 1174 2761 15.
1193 2711 1256 2762 iuv-

276 2795 311 2863 τῷ
331 2796 358 2848 G.
380 2792 393 2865 ΙΙ
413 2798 444 2851 τό
464 2793 564 2866 diaeta
585 2801 614 2849 Α.
687 2799 726 2851 16.
755 2798 880 2851 αοινοῦσα
901 2796 980 2862 sul),
999 2798 1111 2850 κινοῦσα
1127 2814 1203 2862 marg.
1221 2795 1265 2847 Bt*

277 2886 318 2937 17.
346 2881 522 2937 συντάττεται
541 2887 563 2935 Α
581 2885 648 2949 Reg,
676 2881 836 2937 συνάττεται
855 2883 905 2962 1)..

206 3021 309 3100 plicans
327 3043 371 3089 se,
396 3032 425 3078 et
441 3043 456 3077 a
475 3022 572 3098 quibus
591 3020 649 3078 vult
671 3022 767 3079 iterum
785 3020 921 3089 resiliens,
944 3020 1066 3077 omuibus
1087 3017 1256 3075 assimulatur

207 3118 235 3164 et
252 3107 285 3163 ab
303 3107 425 3163 omnibus
444 3107 559 3165 dissidet
577 3107 692 3176 diversa,
710 3128 759 3185 per
776 3110 893 3165 rationes
912 3126 1073 3183 congeneres
1091 3125 1156 3180 quas
1175 3103 1209 3160 de
1226 3125 1256 3161 se

209 3196 318 3272 promit,
337 3196 455 3250 annectit
472 3214 502 3251 ee
520 3193 600 3251 rebus
619 3214 687 3270 quae
703 3214 766 3251 vere
784 3205 847 3251 sunt
864 3204 892 3250 et
909 3213 976 3270 quae
993 3201 1158 3268 generantur,
1177 3191 1256 3247 ctiam

208 3279 260 3337 tiis
278 3281 360 3357 ipsis;
377 3279 459 3356 idque
476 3300 526 3357 per
543 3278 609 3337 alias
627 3283 802 3338 catantiarum
813 3291 841 3337 et
852 3281 1031 3358 potentiarum
1046 3276 1254 3343 convenientias,

207 3387 286 3442 quam
303 3367 399 3442 quibus
417 3375 462 3421 aut
479 3365 622 3423 daemones
641 3376 686 3421 ant
703 3364 801 3423 heroes
817 3386 849 3423 se
866 3386 927 3423 cum
943 3364 996 3421 diis
1015 3370 1182 3421 connectunt
1228 3370 1255 3417 et

206 3473 356 3529 quanquam
367 3461 502 3507 aeternum
513 3453 584 3507 ritae
595 3450 691 3508 similis
704 3460 731 3507 et
743 3454 926 3530 operationum
936 3461 1055 3506 tenorem
1067 3451 1154 3504 minus
1166 3457 1255 3504 servet

205 3558 286 3615 qnam
302 3537 399 3592 heroes
415 3546 444 3593 ct
460 3536 612 3607 daemones,
630 3548 719 3594 tamen
735 3558 784 3616 per
801 3538 913 3594 deorum
930 3537 1121 3612 benignitatem
1143 3544 1171 3590 et
1188 3533 1255 3590 iniu-

205 3644 264 3681 eam
281 3623 314 3678 ab
333 3620 388 3677 illis
405 3620 628 3680 illuminationem
645 3644 727 3701 saepe
744 3623 825 3681 altius
843 3621 972 3691 ascendit,
991 3623 1058 3678 etin
1070 3621 1191 3678 ordinem
1202 3641 1255 3677 ma·

204 3711 291 3767 iorem
308 3705 455 3782 angelicum
472 3707 602 3765 evehitur.
649 3707 702 3766 hoc
720 3711 826 3785 quoties
838 3708 878 3777 iit,
896 3709 1016 3764 nonium
1027 3705 1141 3785 amplius
1153 3709 1254 3764 animae

206 3795 306 3852 finibus
325 3795 491 3861 continetur,
513 3793 562 3849 sed
579 3804 639 3851 tota
656 3796 684 3851 iu
703 3793 847 3871 angelicam
864 3795 977 3850 animam
993 3792 1095 3862 evadit,
1118 3803 1146 3850 et
1162 3795 1191 3851 in
1207 3814 1254 3872 pu·

207 3885 342 3939 rissimam
358 3882 441 3938 vitam
458 3877 576 3957 perfecte
592 3883 723 3957 pervenit.
770 3891 850 3956 atquc
871 3878 935 3936 hinc
958 3879 1092 3956 estquod
1113 3882 1199 3937 anima
1216 3881 1254 3936 vi·

208 3969 286 4025 detur
306 3971 335 4024 iu
358 3988 388 4024 se
411 3967 548 4023 continere
573 3965 737 4023 omnimodas
759 3967 888 4022 essentias
911 3974 938 4021 et
954 3975 1116 4043 potestates,
1137 3968 1253 4021 rationes

208 4053 361 4111 omnifariae
380 4064 407 4109 et
425 4054 531 4130 specics
549 4054 694 4109 universas.
743 4051 792 4108 sed
814 4053 838 4109 si
855 4072 946 4109 verum
963 4050 1040 4109 fateri
1058 4061 1187 4131 oporteat,
1210 4050 1253 4107 de-

208 4143 366 4197 terminatur
384 4139 429 4196 illa
448 4139 557 4216 quidem
574 4158 680 4216 semper
697 4138 731 4194 ad
748 4159 829 4195 unum
841 4138 915 4216 quid,
933 4139 982 4195 sed
994 4141 1081 4197 causis
1096 4136 1254 4216 praeceden-

210 4228 281 4285 tibus
299 4226 365 4284 alias
383 4226 443 4285 aliis
462 4247 492 4283 se
510 4229 596 4304 ipsam
613 4225 803 4296 accommodat,
821 4236 847 4283 et
865 4245 926 4284 cum
941 4223 997 4283 illis
1014 4224 1188 4281 connectitur.
