2776 4876
227 372 293 413 tren
611 354 755 436 Porphyrii
773 356 895 434 epistola.

169 521 177 537 ⁸
228 527 298 594 κοῖς
320 512 462 607 φέρεται,
484 519 540 582 καὶ
561 519 743 604 θεραπεῖαι
756 519 885 582 παθῶν
905 519 961 582 καὶ
975 514 1138 582 ἀνατολαὶ
1152 517 1209 580 καὶ
1225 516 1282 580 δν-

172 636 211 695 37
229 650 296 706 σεις
310 631 365 693 καὶ
379 625 566 712 μελλόντων
581 624 781 712 σημειώσεις.
820 624 906 714 talpa
920 623 985 713 γάρ
999 623 1076 704 τούς
1091 623 1149 693 τὸν
1159 623 1282 693 Ἥλιον

227 736 428 825 δημιουργὸν
450 744 635 830 φαμένους,
664 742 720 806 καὶ
749 735 791 807 τά
813 742 885 827 περὶ
914 735 974 805 τάν
989 735 1117 826 Ὄσιριν
1142 740 1199 804 καὶ
1219 731 1314 818 voirs

222 844 305 919 Ἶσιν
326 856 383 918 καὶ
405 849 534 929 πάντας
556 847 633 928 τούς
653 849 835 937 ἱερατικούς
856 846 988 936 μύθους
1009 845 1032 930 ἢ
1054 855 1100 926 εἱς
1120 845 1198 927 τούς
1219 847 1282 915 ἀσ-

227 969 325 1050 τέρας
346 967 402 1030 καὶ
425 959 485 1040 τάς
507 960 632 1029 τούτων
655 959 792 1054 φάνσεις
815 966 870 1028 καὶ
892 959 1027 1053 κρύψεις
1048 965 1105 1028 καὶ
1127 955 1282 1038 έπιτολάς

226 1077 468 1160 ἑλιττομένους,
497 1068 521 1156 ἢ
542 1080 587 1151 εἱς
607 1070 668 1150 τάς
691 1079 749 1155 τῆς
771 1072 909 1156 σελήνης
931 1070 1083 1154 αὐξήσεις
1105 1076 1165 1138 καλ·
1183 1069 1281 1158 μειοὶ·
1298 1095 1328 1167 τ’

228 1210 294 1264 σεις
323 1183 345 1267 ἢ
376 1194 420 1264 εἰς
442 1182 503 1268 τὴν
525 1188 585 1252 τοῦ
610 1185 707 1266 ἡλέον
732 1190 884 1273 πορείαν,
913 1181 935 1266 ἢ
963 1181 1002 1250 τό
1030 1209 1066 1269 ys
1094 1178 1282 1272 νυκτερινὸν

227 1297 448 1389 ἡμισφαίριον
470 1293 492 1378 ἢ
515 1293 553 1363 τὸ
576 1294 741 1385 ἡμερινόν,
762 1295 786 1378 ἢ
807 1296 917 1380 τόνγε
935 1295 1103 1382 ποταμόν’
1125 1295 1282 1372 καὶὸλως

225 1407 336 1477 πάντα
359 1416 403 1487 εἱς
425 1406 468 1475 τά
490 1404 623 1499 φνσικά,
645 1412 701 1474 καὶ
723 1407 817 1476 οὐδέν
833 1415 878 1485 εἱς
892 1406 1089 1493 ἀσωμάτους
1104 1411 1159 1475 καὶ
1174 1403 1315 1488 ζοὶσαςν

168 1523 208 1584 38
229 1520 346 1599 οὐσίας
369 1518 616 1610 ἱρμηνεύοντας.
655 1512 701 1584 ὧν
724 1524 756 1585 οἱ
777 1523 909 1598 πλείους
929 1525 985 1587 καὶ
1007 1516 1046 1586 τά
1069 1518 1123 1610 ἐφ’
1142 1518 1224 1604 ἡμῖν
1245 1526 1281 1584 ac

227 1635 286 1713 τῆς
308 1636 373 1697 τῶν
388 1631 535 1720 ἀστέρων
550 1631 688 1722 ἀνῆψαν
705 1627 868 1711 κινήσεως,
891 1631 950 1698 οὐκ
965 1629 1027 1698 οἶδ’
1043 1629 1280 1715 ὅποιςδεσμοῖς

225 1740 358 1820 ἀλύτοις
379 1740 533 1827 ἀνάγκης,
554 1738 597 1824 ἢν
619 1747 818 1831 εἱμαρμένην
840 1746 978 1828 λέγουσι,
1000 1743 1110 1821 πάντα
1133 1738 1331 1822 nutanti-12

226 1875 343 1932 σαντες
364 1858 420 1920 καὶ
441 1851 552 1920 πάντα
575 1852 703 1932 τούτοις
725 1852 918 1944 ἀνάψαντες
941 1865 1009 1933 τοῖς
1032 1858 1135 1934 θεοῖς,
1159 1849 1217 1931 οὒς
1234 1851 1278 1931 ὡς

226 1967 368 2053 λοτῆρας
390 1970 449 2054 τῆς
470 1971 667 2056 εἱμαρμένης
688 1964 811 2052 μόνους
827 1970 868 2033 «έν
890 1991 924 2033 τε
947 1971 1047 2053 ἱεροῖς
1067 1969 1124 2031 καὶ
1146 1961 1279 2044 ’ξοάνοις

226 2081 283 2144 καὶ
303 2089 374 2155 τοῖς
396 2074 509 2156 ἀλλοις
532 2075 765 2162 θεραπεύουσι.
1236 2144 1240 2153 ,
1297 2100 1331 2152 15
1364 2163 1366 2167 ,

168 2193 208 2251 39
314 2193 402 2277 Περὶ
432 2191 466 2256 δὲ
494 2192 553 2256 τοῦ
581 2193 667 2256 λδὶον
694 2192 855 2273 δαίμονος
882 2191 1051 2270 ζητητέον,
1080 2192 1148 2267 πῶς
1175 2185 1277 2275 μὲνὸ

226 2298 459 2381 οἰκοδεσπότης
487 2296 590 2366 αὐτὸν
619 2302 750 2384 δίδωσι,·
779 2298 865 2367 κατά
887 2304 963 2367 τίνα
985 2302 1020 2366 δὲ
1048 2304 1104 2367 καὶ
1119 2304 1234 2367 ποίαν
1256 2294 1279 2380 ἢ

296 2447 321 2500 3.
348 2448 383 2500 col
403 2467 453 2499 om.
473 2447 544 2500 Gale.
670 2449 696 2500 4.
722 2445 756 2516 ἢ]
775 2450 820 2500 καὶ
838 2447 911 2500 Gale.
1039 2449 1064 2499 5.
1094 2448 1187 2517 φύσεις
1205 2448 1277 2502 Gale.

295 2536 337 2587 12.
361 2528 465 2604 ἀνάγκη
484 2535 576 2586 Euseh.
685 2535 726 2587 13.
755 2530 800 2594 οὓς
818 2531 867 2599 ὡς]
887 2529 955 2586 οὕτω
974 2533 1066 2584 Euseb.

224 2651 330 2704 Fontes:
367 2650 392 2719 ξ.
405 2649 448 2703 39.
475 2653 569 2703 tambl.
587 2652 612 2714 9,
631 2654 648 2705 2
667 2667 690 2703 et
709 2655 734 2704 3.

225 2791 339 2851 qnorum
356 2775 462 2829 nomina
481 2783 508 2831 et
525 2775 738 2853 procurationes,
756 2782 885 2847 ortusque
904 2770 984 2827 simul
998 2781 1025 2828 et
1037 2791 1158 2841 occasus,
1177 2770 1278 2827 futuro·

168 2853 207 2914 37
225 2878 336 2934 rumque
354 2859 561 2936 significationes
574 2863 602 2916 in
613 2857 821 2916 Almenichiacis
834 2860 1010 2914 continentur.
1058 2860 1157 2937 quippe
1168 2856 1278 2914 videbat

226 2948 297 3001 enim
316 2947 362 3020 qni
381 2943 466 3001 solem
484 2948 603 3003 universi
620 2944 795 3002 architectum
814 2965 874 3001 esse
892 2944 1024 3014 dicerent,
1049 2945 1082 3000 ab
1100 2942 1156 2999 illis
1174 2963 1229 2999 non
1247 2964 1278 2999 ea

225 3041 328 3087 tantum
345 3051 413 3106 quae
432 3031 466 3086 ad
485 3031 622 3089 Osiridem
640 3030 796 3108 loidemque
813 3034 962 3109 pertinent,
985 3032 1034 3087 sed
1053 3033 1131 3087 etiam
1150 3029 1278 3106 quiequid

225 3137 358 3174 sacrarum
376 3116 524 3174 fabularum
542 3128 607 3187 erat,
625 3119 724 3195 partim
742 3120 770 3173 in
789 3117 881 3173 stellas
901 3128 927 3173 et
945 3137 1035 3173 earnm
1054 3126 1216 3194 conspectus
1235 3136 1279 3173 oc·

224 3202 384 3261 cultationes
408 3220 589 3282 occursusque
612 3201 733 3272 devolvi,
757 3207 856 3283 partim
877 3207 905 3259 in
928 3203 1007 3260 lunae
1028 3204 1109 3259 modo
1132 3204 1278 3259 crescentis

176 3318 179 3323 ·
225 3291 305 3348 modo
324 3293 490 3347 senescentis
508 3294 671 3359 varietatem,
690 3293 788 3368 partim
805 3293 834 3346 in
852 3289 918 3346 solis
937 3310 1052 3356 cursum,
1071 3289 1115 3346 vel
1133 3291 1161 3345 in
1173 3299 1279 3345 noctur·

223 3396 287 3433 num
305 3376 350 3434 vel
367 3379 396 3433 iu
414 3377 539 3432 diurnum
556 3377 793 3455 hemisphaerium,
817 3375 860 3433 vel
879 3379 907 3432 in
925 3379 1013 3455 ipsum
1035 3376 1159 3444 fluvinm3
1182 3386 1278 3432 cuncta

224 3462 339 3539 «lenique
357 3465 385 3519 in
404 3482 447 3519 res
459 3461 601 3532 naturales,
621 3462 689 3519 nihil
701 3467 729 3519 iu
742 3483 870 3540 corporea
883 3463 955 3519 mole
966 3474 1087 3520 carentes
1103 3466 1279 3539 viventesque

167 3553 207 3612 38
225 3558 333 3603 naturas
352 3551 473 3626 ipsorum
496 3551 717 3626 interpretatione
741 3551 864 3606 conferri.
910 3560 990 3627 atque
1007 3549 1201 3627 Aegyptiorum
1222 3548 1279 3627 ple·

224 3636 302 3709 rique
320 3633 348 3689 id
367 3634 439 3711 qnod
457 3638 486 3691 in
504 3646 596 3692 nostra
619 3636 757 3695 voluntate
774 3647 802 3692 et
825 3647 959 3715 potestate
976 3639 1094 3714 positum
1114 3646 1169 3704 est,
1193 3644 1227 3692 ex
1243 3637 1279 3691 si·

226 3719 319 3776 derum
341 3731 415 3777 motu
437 3742 596 3800 suspensum
619 3744 680 3782 esse
702 3723 857 3793 voluerunt,
881 3733 977 3780 cuncta
1000 3724 1182 3790 necessitatis,
1205 3720 1280 3798 quod

225 3805 308 3861 fatum
332 3805 480 3883 appellant,
508 3811 548 3865 sic
575 3820 701 3887 tanquam
723 3809 958 3888 inexplicabilibus
981 3808 1139 3886 quibusdam
1163 3807 1279 3864 vinculis

226 3894 318 3948 nescio
338 3912 390 3967 quo
412 3905 491 3970 pacto
515 3900 734 3975 constringentes.
781 3898 880 3954 sedet
903 3899 970 3976 ipsis
993 3916 1100 3974 qnoque
1122 3895 1175 3951 diis
1197 3893 1287 3950 fatum·

226 3988 379 4045 annectunt,
398 3998 466 4053 qnos
484 3984 590 4038 iuterim
608 3987 647 4038 nti
665 3983 712 4040 fati
731 3983 805 4040 solos
824 3984 945 4040 vindices
963 3987 992 4039 in
1010 3980 1118 4060 templis
1137 3984 1165 4037 in
1183 3984 1280 4037 statuis

226 4065 338 4141 aliisque
357 4065 488 4121 eiusmodi
508 4079 675 4125 venerantur.

168 4151 207 4211 39
296 4153 338 4208 De
362 4155 474 4231 proprio
498 4153 625 4210 daemone
649 4176 760 4231 quaero,
782 4156 916 4232 quomodo
941 4154 1181 4212 domus-dominus
1204 4154 1280 4210 illum

225 4238 367 4315 largiatur?
386 4243 468 4298 'iuxta
487 4261 565 4317 quem
585 4252 612 4298 et
630 4240 735 4318 qualem
759 4241 887 4301 influxum
906 4252 951 4299 aut
968 4244 1051 4299 vitam
1069 4253 1114 4299 aut
1130 4244 1280 4320 potentiam
