2776 4876
207 378 262 442 ῌ
1222 374 1256 429 ib

206 534 327 598 πλείων
347 534 417 599 iovi
439 534 498 611 τῆς
519 529 685 612 ἀληθείας
704 535 765 598 τοῦ
785 528 905 618 τάχους
926 533 992 598 τῶν
1013 535 1125 619 έργων.
1163 536 1199 600 έν
1220 535 1256 600 δέ

207 655 278 722 τοῖς
301 642 453 730 ἡρωικοῖς
473 646 735 730 μεγαλοπρέπεια
750 646 810 726 μέν
825 668 873 721 τις
888 649 924 708 έν
937 654 1012 720 ταῖς
1026 639 1171 724 κινήσεσι
1187 646 1256 710 δια-

171 768 188 822 3
207 759 372 846 φαίνεται,
393 750 433 820 τὸ
455 752 485 819 δ’
504 750 755 821 ἀποτελεστικὸν
776 746 823 820 όν
844 758 992 845 ἐφίενται
1014 762 1165 840 ἐνεργεῖν,
1196 755 1255 842 οὐχ

207 865 292 934 οὕτω
314 873 438 955 ταχέως
457 862 565 950 ὥσπερ
591 878 663 943 τοῖς
690 869 826 952 δαίμοσι
850 865 1015 953 πάρεστιν.
1061 873 1096 932 έν
1123 869 1157 934 δέ
1185 878 1256 945 τοῖς

208 980 273 1044 τῶν
293 974 464 1065 ἀρχόντων
485 975 644 1063 ἀξιόλογα
665 981 726 1062 μέν
746 976 789 1044 τὰ
815 982 929 1064 πρῶτα
951 983 1007 1044 καὶ
1029 978 1255 1058 έξουσιαστικα

172 1087 413 1174 θένεργὴματα
440 1095 694 1182 καταφαίνεται,
723 1087 765 1155 τα
795 1087 928 1178 δεύτερα
957 1092 991 1156 ta
1021 1093 1166 1180 έμφασιν
1194 1094 1255 1173 μὲν

208 1204 271 1287 ipo
292 1203 438 1279 πλείονα,
459 1203 520 1267 τοῦ
541 1200 569 1268 δ’
585 1207 638 1268 ἐπὶ
658 1204 724 1266 τῶν
737 1198 887 1288 πράξεων
901 1205 1013 1279 τέλους
1027 1200 1254 1269 ἀπσλείπεταν

207 1311 249 1378 τό
271 1311 302 1379 ‹i'
321 1316 373 1381 έπὶ
395 1317 460 1380 τῶν
481 1316 596 1404 ψυχῶν
610 1319 801 1400 κεκινημένα
816 1315 954 1397 μᾶλλον,
977 1311 1203 1401 ἀσθενέστερα
1220 1315 1255 1380 δέ

173 1427 274 1491 troia
292 1423 441 1511 ἡρωικῶν
463 1423 591 1512 ὁρᾶται.
1071 1455 1074 1462 ·
1140 1407 1145 1416 ’

297 1531 392 1623 Πρὸς
413 1537 447 1603 di
469 1534 597 1614 τούτοις
624 1531 664 1602 τὸ
686 1539 831 1621 μέγεθος
852 1538 919 1602 τῶν
941 1539 1139 1628 ἐπιφανειῶν
1164 1532 1256 1622 πυροὶ

207 1652 268 1732 μέν
288 1658 359 1725 τοῖς
380 1651 478 1726 θεοῖς
491 1650 651 1715 τοσοῦτον
666 1649 889 1727 ἐπιδείκνυται,
912 1646 955 1726 ὡς
970 1651 1025 1714 καί
1039 1642 1099 1714 τὸν
1113 1644 1257 1733 οὐρανόν

157 1770 191 1822 12
209 1757 290 1826 ὅλον
312 1764 415 1826 ἐνίοτε
438 1757 659 1846 ἀποκρύπτειν
681 1763 737 1826 καὶ
759 1756 818 1826 τὸν
839 1757 935 1841 ἥλιον
955 1763 1011 1824 καὶ
1033 1757 1093 1841 τὴν
1108 1756 1257 1840 σελήνην,

209 1869 271 1952 τὴν
292 1894 327 1937 τι
348 1874 413 1957 γῆν
434 1875 547 1955 μηκέτι
570 1868 740 1939 δύνασθαι
762 1870 898 1939 ἑστάναι
925 1868 1034 1936 αὐτῶν
1059 1868 1255 1937 κατιόντων·

206 1982 417 2068 ἀρχαγγέλου
430 1984 465 2048 sii
479 1986 725 2072 ἐκφαινομένων
738 1994 853 2068 μοῖραι
863 1988 924 2066 μέν
934 2002 1018 2060 τινες
1029 1984 1256 2066 συγκινοῦνται

157 2105 189 2155 15
207 2097 268 2161 τοῦ
290 2091 417 2178 κόσμον
437 2097 493 2159 καὶ
513 2091 707 2180 πρόδρομον
735 2098 807 2184 φῶς
833 2107 1026 2178 προηγεῖται
1052 2097 1255 2186 διῃρημένον.

208 2204 303 2272 αὐτοὶ
326 2207 361 2270 δέ
383 2204 467 2270 κατὰ
489 2208 617 2289 μεγέθη
647 2210 704 2286 τὴς
725 2204 904 2290 ἡγεμονίας
932 2203 1116 2293 σύμμετρον
1140 2207 1256 2271 ἐπιδει-

207 2315 339 2383 κνύουσι
361 2320 417 2382 καὶ
446 2313 484 2383 τὸ
512 2318 571 2396 τῆς
599 2315 700 2399 αὐτῆς
727 2319 880 2401 μέγεθος.
925 2320 1043 2383 τοῦτον
1071 2316 1101 2382 δ’
1120 2315 1256 2384 ἔλαττόν

157 2435 190 2485 18
207 2435 276 2502 iota
299 2422 336 2494 τὸ
359 2422 530 2513 ἀγγελικόν
551 2425 722 2515 μικρότητί
736 2431 841 2494 τεκαὶ
857 2428 903 2511 τῷ
925 2426 996 2492 κατ’
1016 2422 1166 2515 ἀριθμὸν
1189 2430 1255 2520 διῃ-

280 2688 303 2738 1.
330 2682 440 2751 τάχους]
457 2683 561 2754 μάγους
580 2682 612 2735 D.
685 2685 727 2736 10.
755 2681 846 2755 παρὰ]
861 2682 1034 2754 περὶΑΒΟΙ).
1110 2687 1150 2737 ii.
1178 2682 1256 2754 ἀγγέ-

162 2767 166 2773 ’
278 2774 328 2824 λων
346 2768 375 2824 C.
404 2764 418 2841 ii
448 2770 629 2841 όφαινομένων
646 2770 680 2823 D.
710 2764 723 2839 ΙΙ
751 2777 834 2841 μοῖρα
851 2771 885 2822 D.
977 2772 1015 2822 15.
1043 2777 1214 2840 προσηγεῖεαι
1225 2772 1256 2824 B.

280 2860 321 2911 17.
349 2855 463 2924 τούτου]
482 2858 517 2909 sic
537 2857 589 2922 AC,
617 2859 698 2910 τοῦτο
717 2856 751 2910 0.
823 2856 865 2910 18.
893 2854 945 2925 τῷ]
964 2856 999 2909 aie
1020 2858 1049 2919 ri,
1075 2858 1106 2910 τὸ
1127 2860 1160 2911 0.

208 3121 346 3188 videntum
369 3122 465 3178 beroes
484 3122 639 3198 dignitatem
657 3121 789 3198 quandam
807 3141 867 3176 cum
884 3119 919 3175 ad
936 3119 1099 3197 operandum
1118 3130 1257 3175 moventur

209 3207 361 3274 ostendunt,
380 3208 429 3264 sed
440 3228 531 3286 parem
544 3229 604 3265 cum
617 3207 789 3264 daemonibus
801 3206 963 3263 celeritatem
975 3208 1001 3261 in
1013 3205 1177 3283 perficiendo
1190 3227 1256 3282 quae

210 3295 322 3370 cupiant
339 3312 394 3350 non
412 3302 604 3371 assequuntur3
622 3297 650 3350 in
668 3295 825 3350 archontum
842 3292 1042 3371 operationibus
1060 3294 1160 3370 primae
1178 3312 1257 3369 appa·

209 3387 268 3434 rent
291 3400 324 3436 ex
347 3380 474 3457 dignitate
497 3391 525 3438 et
542 3383 654 3458 imperio
672 3380 822 3460 proficisci,
846 3380 978 3436 secundae
1001 3381 1065 3435 satis
1089 3379 1256 3457 apparentiae

208 3463 315 3533 babent,
334 3467 462 3522 excidunt
479 3476 567 3523 antem
584 3468 637 3523 line
655 3468 818 3545 operationis
836 3485 913 3532 ουτος
932 3468 1076 3522 animarum
1088 3467 1256 3543 operationes

208 3550 362 3607 nobiliores
381 3562 524 3609 cernuntur
540 3572 619 3629 quam
635 3551 754 3621 bereum,
773 3552 821 3608 sed
840 3551 991 3608 debiliores.

279 3636 329 3693 ilis
348 3638 451 3694 accedit
468 3639 620 3715 magnitudo
638 3638 851 3718 epiphaniarum:
877 3648 905 3694 et
927 3637 1037 3694 deornm
1059 3638 1167 3714 quidem
1184 3648 1257 3694 tanta

208 3726 375 3804 conspicitur
391 3730 422 3779 ut
438 3733 467 3779 et
483 3733 570 3780 totum
587 3724 689 3783 casium
707 3736 734 3782 et
756 3724 842 3781 solem
863 3732 890 3780 et
914 3723 1004 3779 lunam
1027 3724 1190 3781 abscondere
1211 3725 1257 3781 ali·

209 3811 317 3888 mando
336 3808 465 3878 videatur,
483 3820 511 3867 et
528 3813 586 3889 ipsa
603 3821 674 3868 terra
691 3814 730 3868 eis
743 3810 966 3867 descendentibus
979 3826 1032 3887 non
1043 3812 1132 3888 possit
1144 3812 1257 3891 amplius

209 3899 311 3955 durare.
359 3896 509 3974 archangeli
527 3898 633 3974 quoties
651 3907 786 3975 apparent,
804 3905 895 3974 partes
913 3896 1041 3973 quaedam
1064 3898 1155 3954 mundi
1178 3897 1257 3954 simul

210 3997 417 4054 commoventur,
436 3995 464 4041 ct
481 3986 585 4064 praevio
604 3984 732 4060 quaedam
749 3982 796 4039 lux
813 4002 860 4039 cos
872 3986 1020 4061 praecurrit
1031 3984 1079 4040 sed
1090 3985 1185 4051 divisa,
1204 3984 1257 4061 ipsi

210 4090 274 4129 rcro
297 4094 347 4152 pro
371 4072 550 4149 magnitudine
578 4070 767 4126 dominationis
788 4088 851 4125 suae
873 4070 1079 4147 magnitudinem
1104 4068 1256 4148 splendoris

209 4178 273 4238 prae
291 4179 320 4216 ιε
339 4159 432 4215 ferunt.
478 4157 595 4237 angelica
612 4156 658 4214 lux
675 4167 703 4213 et
719 4159 807 4214 minor
823 4178 857 4214 ex
874 4176 904 4214 sc
921 4167 949 4213 ct
960 4160 1043 4234 magis
1060 4156 1146 4213 divisa
1158 4158 1186 4211 in
1198 4154 1257 4210 dae·

211 4246 334 4303 monibus
353 4248 436 4322 magis
454 4245 540 4304 adbuc
558 4244 694 4313 dividitur,
712 4254 740 4301 et
756 4264 806 4301 nec
823 4244 915 4301 eadem
937 4246 965 4300 in
987 4246 1021 4299 iis
1040 4260 1144 4320 semper
1165 4238 1257 4320 depre-
