2776 4876
206 359 260 422 διδ
1228 357 1264 410 89

208 533 294 579 στων
317 506 440 590 τάξεως
462 514 586 588 ολκείως
608 517 732 578 ἕκαστα
758 521 909 598 χορηχεῖ’
938 507 1010 577 οἶον
1039 509 1059 590 ἡ
1088 513 1153 577 τῶν
1183 509 1264 598 ἀρχ·

207 626 355 709 αχγέλων
376 618 555 702 ἀλήθειαν,
577 620 637 709 οὐχ
659 622 771 700 ἁπλῶς
792 626 865 709 περὶ
887 617 1020 689 πάντων
1036 616 1121 688 ἀλλὰ
1137 623 1264 706 διωρισ-

171 739 312 820 aptans
333 736 387 799 tari
408 757 519 812 τινων,
548 737 604 799 καὶ
626 731 750 815 ταύτην
779 733 839 801 οὐκ
867 732 919 800 ἀεὶ
948 726 1035 798 ἀλλά
1064 740 1158 812 ποτέ,
1188 732 1263 800 οὐδὲ

206 844 402 930 ἀδιορίστως
423 839 507 928 πρός
528 840 680 923 ἅπαντας
701 841 723 925 ἢ
744 848 917 931 πανταχοῦ
938 839 1024 909 ἀλλὰ
1046 845 1263 930 διωρισμένως

208 955 268 1021 ὡδὶ
289 949 312 1036 ἢ
333 951 417 1040 πρὸς
439 953 513 1021 τόδε
536 980 567 1021 τι
589 957 712 1034 δίδωσι,
735 953 875 1041 δύναμίν
898 981 931 1022 τε
954 952 1108 1032 ὡσαύτως
1130 953 1171 1021 οὐ
1185 957 1263 1022 σνλ-

173 1064 335 1150 θλήβδην
356 1062 490 1132 πάντων
513 1064 587 1132 οὐδὲ
601 1063 797 1154 ἀδιακρίτως
812 1067 864 1133 ἀεὶ
880 1065 954 1134 οὐδὲ
974 1070 1154 1152 πανταχοῦ,
1176 1062 1263 1131 ἀλλὰ

208 1180 286 1244 ποτὲ
308 1180 364 1244 καὶ
386 1170 453 1244 πού
475 1174 707 1262 συλλαμβάνει.
753 1177 774 1258 ἡ
803 1180 838 1245 δὲ
867 1180 933 1243 τῶν
962 1176 1109 1261 ιἰχχέλων
1137 1174 1263 1244 τούτων

208 1292 255 1355 ἔτι
275 1289 405 1372 μᾶλλον
427 1286 616 1376 ἀπομερίζων
636 1283 697 1365 τὰς
726 1287 778 1355 ἀεὶ
800 1295 853 1356 ἐπὶ
881 1287 920 1354 τό
944 1290 1081 1354 ἔλαττον
1103 1287 1263 1378 ἀφοριζο-

174 1405 309 1486 σμένος
331 1395 539 1490 περιμραιμάς
567 1404 602 1465 ἐν
624 1402 664 1491 τῇ
684 1402 751 1467 τῶν
779 1397 924 1485 ἀμαθῶν
953 1396 1052 1466 δόσει.
1096 1397 1118 1479 ἡ
1142 1402 1176 1465 δὲ
1198 1402 1263 1466 τῶν

209 1509 376 1595 δαιμόνων
406 1508 513 1578 οὐκέτι
541 1505 583 1577 τὰ
612 1513 671 1592 τῆς
698 1513 808 1601 ψιχῆς
835 1509 957 1594 ἀγαθοὶ
985 1513 1150 1598 δωρεῖται,
1185 1508 1259 1577 ἀλλ’

211 1617 283 1702 ἤτοι
312 1618 354 1688 τὰ
382 1625 441 1689 τοῦ
470 1618 623 1706 σώματος
651 1617 673 1703 ἢ
701 1623 766 1688 τῶν
795 1625 841 1706 τῷ
870 1618 998 1706 σώματι
1023 1618 1265 1709 προσηκόντων,

157 1745 191 1796 12
208 1736 264 1800 καὶ
286 1734 392 1798 ταῦτα
415 1728 543 1799 ὁπόταν
571 1731 593 1814 ἡ
614 1735 675 1799 τοῦ
700 1730 827 1817 κόσμον
855 1729 946 1813 τάξις
975 1736 1135 1825 ἐπιτρέπῃ.
1179 1728 1266 1798 κατὰ

209 1839 251 1908 τὰ
273 1841 359 1910 αὐτοὶ
382 1844 417 1910 ot
445 1846 503 1910 καὶ
528 1842 548 1925 ἡ
577 1846 643 1909 τῶν
670 1842 788 1930 ἡρώων
814 1849 948 1930 παρέχει
976 1838 1018 1910 τοὶ
1047 1840 1182 1931 δεύτερα
1209 1846 1266 1910 καὶ

208 1956 305 2043 τρίτα
326 1952 458 2040 ἀγαθοί,
480 1955 705 2040 στοχαζομένη
727 1959 783 2022 καὶ
806 1958 865 2036 τῆς
887 1959 952 2022 τῶν
973 1958 1089 2043 ψυχῶν
1102 1958 1266 2042 περιμείον

157 2082 191 2132 15
209 2069 266 2131 καὶ
287 2068 500 2152 περικοσμίον
521 2068 689 2145 πολιτείας
705 2063 794 2147 ὅλης.
830 2065 851 2147 ἡ
873 2068 907 2133 δὲ
923 2070 988 2131 τῶν
1003 2064 1172 2153 ἀρχόντων
1187 2087 1265 2132 κοσ-

208 2171 289 2261 panai
310 2179 370 2262 μὲν
389 2175 413 2257 ἡ
434 2181 531 2263 ἑτέρα
552 2180 608 2244 καὶ
630 2173 673 2242 τὰ
696 2181 755 2244 τοῦ
776 2179 855 2260 βίον
875 2174 986 2244 ποίντα
1002 2178 1161 2264 δωρεῖται,
1184 2176 1206 2259 ἡ
1230 2179 1265 2244 δὲ

209 2292 305 2376 ἑτέρα
319 2289 375 2353 καὶ
390 2287 608 2376 ὑποδεεστέρα
622 2289 687 2353 τῶν
702 2285 823 2354 λνόλων
839 2285 898 2354 οὐκ
913 2285 1009 2371 ὀλίγα
1024 2293 1157 2376 παρέχει
1168 2291 1265 2355 πλεο-

160 2411 191 2462 18
209 2395 406 2483 νεκτήματα.
452 2403 558 2489 ιμνχαὶ
580 2397 609 2464 δ’
626 2395 880 2488 ἐπιφαινόμενοι
893 2392 935 2462 τοί
950 2396 1032 2484 πρὸς
1047 2395 1106 2463 τὸν
1127 2396 1264 2486 ἀνθρώ-

281 2630 306 2682 a.
334 2629 516 2700 παραγραφὰς
533 2627 562 2688 C,
581 2629 759 2699 παραγραφὰς
775 2625 851 2696 (corr.
872 2629 925 2680 aad.
945 2647 1011 2680 rnan.
1031 2626 1211 2699 περιχραφοὶς)
1232 2632 1263 2682 Α.

283 2716 324 2768 11.
350 2710 426 2784 ἦτοι]
445 2717 511 2768 ciros
528 2713 559 2767 Β.
651 2715 693 2766 15.
721 2708 874 2785 ἀρκούντων
891 2712 921 2766 B.
1017 2714 1058 2766 17.
1088 2712 1211 2785 παρίχει]
1230 2714 1264 2766 sic

282 2799 361 2863 Aci),
389 2801 494 2871 παρέχει
512 2800 548 2852 τοὶ
567 2800 600 2853 0.

211 3014 280 3069 bona
300 3013 391 3080 αδετις
409 3012 626 3090 archangelorum
644 3016 720 3071 verbi
738 3018 820 3091 gratia
833 3025 994 3093 conspectus
1006 3018 1153 3083 veritatem,
1173 3025 1200 3070 at
1211 3035 1265 3070 non

212 3099 370 3177 simpliciter
389 3099 423 3155 de
441 3101 572 3168 omnibus,
591 3101 641 3157 sed
658 3101 833 3157 determinate
851 3100 884 3157 de
902 3101 1069 3176 quibusdam.
1087 3100 1184 3157 deinde
1196 3100 1265 3157 hanc

213 3190 298 3263 ipsam
316 3189 456 3243 veritatem
474 3206 528 3243 non
547 3187 593 3244 dat
610 3208 716 3266 semper
734 3187 784 3243 aed
802 3186 958 3263 aliquando,
982 3208 1033 3244 nec
1053 3186 1193 3242 indefinite
1211 3207 1266 3244 om·

213 3273 291 3328 nibus
309 3283 355 3328 ant
372 3273 479 3350 ubique,
497 3273 547 3331 ssd
566 3274 739 3331 determinate
756 3272 818 3330 loco
837 3284 911 3331 certo
931 3284 959 3330 et
976 3275 1057 3330 certis
1070 3274 1104 3328 de
1121 3272 1211 3328 rebus:
1231 3275 1266 3330 si·

213 3357 311 3413 militer
329 3368 491 3435 potestatem
509 3361 555 3417 dat
576 3380 630 3416 non
654 3364 681 3416 in
705 3363 792 3416 omnia
814 3360 950 3426 absolute,
974 3379 1061 3435 neque
1083 3358 1266 3415 indifferenter

213 3463 319 3521 semper
342 3455 369 3500 ct
391 3445 493 3515 ubivis,
519 3446 570 3502 sed
592 3446 735 3522 aliqnando
760 3456 787 3502 et
810 3457 884 3504 certo
907 3445 968 3503 loco
994 3447 1128 3502 succurrit
1180 3442 1265 3519 angeli

213 3533 342 3586 arctiores
360 3529 447 3587 adhuc
465 3551 545 3608 quarn
561 3535 608 3589 isti
633 3542 660 3589 et
682 3535 849 3609 angustiores
872 3534 901 3588 in
924 3533 1054 3588 Moerum
1077 3531 1267 3587 distributione

212 3634 293 3693 gyros
312 3615 449 3672 definiunt.
498 3617 655 3675 daemonum
677 3621 809 3697 apparitio
832 3638 867 3674 ne
888 3617 959 3673 bona
985 3617 1092 3693 quidem
1115 3637 1183 3693 qnae
1205 3626 1268 3673 sunt

212 3705 315 3758 animae
333 3711 464 3777 praestat,
488 3702 537 3759 scd
554 3702 598 3760 rcl
616 3724 743 3782 corporeo
761 3703 806 3760 vel
824 3725 853 3760 ea
873 3723 940 3779 quae
956 3703 991 3760 ad
1008 3722 1106 3780 corpus
1121 3707 1266 3780 pertinent,

214 3788 325 3845 ethaeo
344 3786 452 3862 quidem
470 3798 527 3844 tum
544 3789 650 3846 demum
665 3811 726 3846 cum
745 3788 837 3846 mundi
855 3787 922 3844 ordo
935 3791 1095 3865 permiserit.
1143 3790 1268 3847 similiter

214 3875 310 3931 heroes
329 3875 398 3930 bona
417 3873 528 3931 secundi
545 3877 673 3951 tertiiquc
688 3879 794 3952 generis
813 3874 886 3943 dant,
905 3885 933 3930 et
945 3883 1069 3950 spectant
1079 3873 1202 3952 politium
1213 3879 1268 3932 ani·

213 3981 316 4017 marum
333 3963 484 4017 universam
503 3959 661 4018 mundanam
679 3973 707 4017 et
724 3972 886 4018 terrestrem.
935 3982 968 4017 ex
980 3959 1154 4019 archontibus
1166 3961 1212 4017 alii
1223 3983 1269 4039 ap-

214 4057 338 4124 parentes
358 4046 489 4104 mundana
507 4047 576 4103 bona
596 4047 660 4105 dant
677 4059 705 4104 et
722 4047 801 4105 huius
819 4050 898 4117 ritae,
921 4046 967 4104 alii
985 4046 1125 4104 inferiores
1143 4068 1197 4103 non
1214 4049 1268 4102 exi·

214 4155 289 4210 guam
308 4156 396 4192 rerum
413 4133 588 4191 materialium
607 4137 712 4213 copiam
730 4133 875 4192 sufficiunt
921 4137 1023 4191 animae
1047 4143 1205 4212 apparentes
1227 4153 1267 4188 sa-

216 4220 370 4278 cerdotibus
388 4231 534 4300 procurant
551 4243 581 4278 ea
600 4241 668 4298 quae
686 4220 719 4278 ad
737 4219 875 4279 mortalem
892 4224 973 4280 vitam
992 4221 1139 4278 conferunt.
1186 4228 1267 4294 atquo
