2776 4876
160 360 211 413 156
1140 359 1167 425 3,
1177 363 1211 413 24

158 518 214 581 καὶ
236 511 359 594 ταύτην
382 511 592 593 αὐτεξούσιον
621 511 704 583 ὅταν
732 511 893 598 βούληται
921 518 977 581 καὶ
1006 509 1098 579 ὡσάν
1128 517 1211 605 θέλῃ

158 626 228 713 μετ’
248 625 412 709 εὐμενείας
434 620 472 690 τό
495 628 615 710 μίλλον
638 623 902 717 ἀναφαίνονσαν.

101 744 140 803 24
253 739 366 802 Ταῦτα
387 739 447 821 μὲν
470 728 529 802 οὖν
551 738 702 802 τοιοῦτον
725 740 819 822 ἐχέτω
835 731 894 801 τὸν
909 732 1152 821 ἀπολογισμόν·
1176 743 1211 804 ὲν
1231 754 1246 804 3

159 850 193 914 δὲ
216 856 285 923 τοῖς
305 842 389 931 μετά
410 852 516 914 ταῦτα
539 844 736 931 πειρώμενος
753 843 817 912 ’τόν
839 844 963 933 τρόπον
992 845 1212 934 ὃιερμηνεάειυ

158 961 216 1038 τῆς
238 961 406 1043 μαντικῆς,
436 957 581 1046 ἀναιρεῖς
605 952 708 1038 αὐτὴν
736 954 957 1023 παντάπασιν.
1004 965 1031 1023 εὶ
1059 952 1123 1040 γάρ
1146 954 1211 1023 πά-

158 1074 226 1147 θος
250 1073 357 1155 ψυχῆς
380 1069 486 1134 σίτων
510 1067 611 1150 αὐτῆς
633 1072 853 1148 καθίσταται,
883 1071 932 1147 τίς
954 1063 996 1135 ἀν
1019 1059 1055 1134 εὖ
1077 1070 1246 1156 φρονῶνε

157 1176 289 1265 ἀστάτῳ
312 1177 480 1268 πράγματι
502 1182 558 1245 καὶ
580 1177 751 1265 ἐμπλήκτῳ
772 1176 957 1267 πρόγνωσιν
986 1179 1129 1260 ἀποδοίη
1159 1204 1211 1245 τε-

158 1296 323 1376 ταγμένην
344 1295 401 1358 καὶ
423 1288 614 1380 σταθεράν,
643 1285 666 1372 ἢ
693 1295 726 1356 τί
755 1288 876 1372 δήποτε
904 1293 1126 1381 σωφρονοῦσα
1151 1293 1211 1375 μὲν

158 1399 292 1490 ἡψυχὴ
314 1405 369 1467 καὶ
391 1398 549 1489 ἄτρεπτος
579 1393 663 1468 οὖσα
692 1397 775 1468 κατά
805 1398 865 1479 τάς
892 1403 1065 1485 βελτίονας
1094 1402 1245 1481 ἑαυτῆςυ

158 1510 310 1597 δυνάμεις
332 1508 392 1590 τάς
414 1510 531 1600 νοεράς
552 1516 608 1578 καὶ
631 1509 841 1593 διανοητικάς
856 1510 969 1597 ἀγνοεῖ
984 1509 1022 1577 τὸ
1044 1508 1210 1596 ἐσόμενον,

159 1621 335 1708 πάσχουσα
357 1625 391 1689 δὲ
414 1619 500 1689 κατά
522 1620 581 1701 τάς
604 1622 765 1701 ἀτάκτους
787 1628 843 1691 καὶ
858 1621 1056 1711 ταραχώδεις
1070 1620 1212 1703 κινήσεις

158 1731 325 1817 ἐπιβάλλει
348 1738 394 1817 τῷ
415 1738 583 1819 μέλλοντες
606 1739 638 1800 τί
659 1730 724 1820 γάρ
747 1732 868 1815 δήποτε
890 1738 946 1800 καὶ
962 1738 1025 1821 ίχει
1039 1730 1076 1800 τό
1092 1730 1211 1811 πάθος
1231 1751 1264 1801 12

158 1852 278 1911 οίκεῖον
302 1851 346 1920 είς
368 1841 428 1925 τὴν
451 1849 600 1928 θεωρίαν
622 1849 686 1911 τῶν
710 1842 829 1923 όντων;
853 1851 885 1913 τί
907 1848 942 1913 δὲ
957 1845 1140 1931 οὐμᾶλλον
1155 1852 1211 1929 ίμ-

157 1957 281 2035 ποδίζει
301 1952 384 2044 πρός
407 1955 638 2041 ἀληθεστέραν
659 1953 877 2040 κατανόησιν,·
901 1959 948 2022 ἔτι
969 1960 1080 2023 τοίνυν
1103 1964 1130 2022 εί
1151 1961 1212 2042 μὲν

158 2064 212 2134 διά
235 2070 359 2132 παθῶν
384 2063 425 2131 τά
447 2063 627 2152 πράγματα
649 2064 691 2133 τά
715 2073 750 2132 ἐν
772 2071 819 2151 τῷ
841 2064 953 2152 κόσμῳ
976 2071 1161 2146 συνίστατο,
1190 2066 1210 2148 ἡ
1231 2093 1263 2143 15

158 2178 316 2265 ὁμοίωσις
338 2173 380 2242 ἀν
402 2181 467 2242 τῶν
489 2181 613 2244 παθῶν
637 2173 699 2263 εἶχε
722 2200 796 2242 τινα
819 2174 903 2263 πρὸς
918 2176 1004 2244 αὐτά
1020 2178 1212 2260 οίκειότητα,

158 2296 185 2355 εί
207 2291 241 2354 δὲ
264 2284 319 2354 διά
342 2289 449 2372 λόγων
471 2291 527 2354 καὶ
549 2284 604 2353 διὰ
627 2290 691 2354 τῶν
715 2290 808 2354 εἰδῶν
830 2290 1029 2370 ἐπιτελεῖται,
1056 2287 1140 2370 άλλη
1162 2315 1211 2366 τις

229 2547 252 2594 1.
280 2541 314 2602 ὡς
332 2539 365 2595 ἀν
384 2543 462 2612 ἐθέλῃ
485 2543 563 2595 Act).
636 2547 660 2596 2.
690 2539 880 2615 ἀναφαίνουσα
900 2545 979 2609 nul).
1053 2546 1113 2596 bb.
1143 2544 1211 2611 διερ-

227 2625 436 2697 pulcheriae,
460 2625 710 2699 διερμηνευτικῇςΒ.
785 2633 808 2682 5.
820 2633 844 2683 ti.
873 2630 982 2690 πάθους
1001 2631 1033 2681 D.
1107 2631 1131 2678 7.
1159 2622 1212 2680 cio-

228 2713 317 2786 τράτῲ
336 2714 368 2766 Β.
477 2716 500 2765 7.
510 2716 535 2766 8.
564 2718 705 2785 τεταμένην
725 2716 828 2769 ABGD.
932 2718 956 2768 8.
985 2715 1159 2786 σωφρονοῦσα
1177 2713 1211 2764 D.

229 2803 269 2853 10.
299 2799 373 2852 άνόεν
390 2801 422 2852 D.
444 2794 456 2866 ll
478 2798 616 2870 ἐσόμενον]
635 2800 669 2852 aie
688 2801 769 2865 BCD,
796 2802 921 2872 ἑπόμενον
940 2805 971 2863 Α,
998 2799 1139 2869 ἐσσόμενον
1159 2798 1192 2849 0.

157 3013 231 3091 quod
250 3011 355 3088 quando
373 3009 432 3065 vult
449 3021 476 3066 ct
494 3013 628 3088 quomodo
647 3012 705 3070 vult
723 3013 808 3069 tirtura
834 3015 912 3070 nobis
936 3012 1037 3069 revelet
1055 3031 1115 3067 eum
1132 3011 1212 3067 bene-

157 3099 281 3156 volentia.

100 3184 139 3242 24
230 3185 300 3241 Haec
318 3186 399 3259 igitur
416 3185 497 3239 istam
514 3183 629 3241 habeant
653 3187 863 3263 responsionem.
913 3187 941 3241 in
959 3186 993 3240 iis
1013 3203 1080 3259 quae
1097 3202 1211 3258 sequun-

157 3282 209 3339 tur,
229 3271 292 3327 dum
310 3273 415 3328 conaris
434 3269 542 3326 modum
560 3270 732 3327 divinationis
745 3270 887 3348 explicare,
906 3273 991 3348 ipsam
1002 3267 1122 3325 funditus
1137 3288 1211 3324 ever·

157 3360 200 3414 tis.
246 3360 270 3413 si
293 3379 345 3434 qua
368 3359 470 3412 animae
493 3357 660 3434 perturbatio
683 3359 740 3413 cius
759 3379 837 3414 causa
862 3358 1051 3421 constituatur,
1075 3355 1136 3429 quis
1159 3364 1210 3420 est,

155 3445 237 3501 modo
256 3444 399 3520 quidquam
418 3444 512 3520 sapiat,
532 3444 576 3517 qui
595 3445 634 3498 rei
652 3441 771 3499 instabili
784 3453 811 3499 et
823 3446 951 3500 attonitae
963 3451 1062 3499 certam
1073 3450 1212 3515 ratamque

155 3532 400 3607 praecognitionem
417 3528 535 3584 tribuere
552 3527 634 3584 velit?
661 3539 706 3585 aut
724 3528 858 3606 quomodo
876 3531 962 3585 anima
974 3528 1064 3585 sobria
1077 3536 1103 3582 et
1115 3528 1211 3602 imper·

157 3615 261 3670 turbata
279 3635 412 3692 agensque
430 3615 576 3672 secundum
588 3619 659 3671 vires
672 3636 733 3672 suas
747 3616 869 3693 optimas,
889 3613 947 3671 scil.
965 3612 1158 3670 intellectuales
1171 3633 1210 3668 ra·

157 3699 331 3776 tionalesque‚
350 3701 438 3757 lutum
455 3721 508 3757 non
526 3703 682 3779 prospiciat
701 3704 855 3779 perturbata
874 3721 938 3758 vero
957 3701 1074 3756 motibus
1086 3697 1211 3775 irregula-

157 3786 232 3842 ribus
251 3796 278 3842 et
296 3787 473 3844 tumultuariis
491 3787 608 3844 futurum
626 3789 774 3844 coniectati
793 3792 798 3800 '
820 3790 955 3844 enimvero
976 3787 1096 3863 quidest
1113 3788 1211 3862 inpas-

157 3875 234 3928 sione
252 3881 343 3948 aptum
360 3883 388 3928 et
405 3875 634 3931 accommodatum
656 3873 690 3929 ad
714 3894 802 3930 rernm
825 3872 1093 3951 contemplationem?
1129 3874 1210 3927 immo

156 3957 224 4035 quid
247 3978 301 4013 non
324 3960 444 4036 ineptum
466 3963 556 4037 potius
579 3961 611 4016 ad
635 3953 757 4016 veritatis
779 3961 997 4038 perceptionem?
1027 3967 1164 4036 praeterea
1187 3958 1211 4012 si

156 4065 200 4100 res
219 4045 294 4122 ipsae
312 4045 340 4099 in
357 4045 456 4100 mundo
474 4066 524 4122 per
536 4049 676 4122 passiones
689 4046 813 4102 conditae
825 4044 947 4113 fuissent,
966 4047 1059 4123 utique
1070 4046 1210 4122 passiones

157 4127 273 4205 aliquam
291 4130 324 4186 ad
343 4151 387 4186 eas
406 4128 608 4187 similitudinem
625 4131 833 4207 affinitatemqne
850 4130 987 4198 baberent,
1009 4151 1070 4187 cum
1088 4149 1152 4187 vcro
1172 4149 1211 4183 ra·

159 4215 276 4271 tionibus
295 4226 321 4271 et
340 4216 408 4272 ideis
427 4217 588 4272 constitutae
606 4215 703 4274 luerint
722 4228 748 4274 et
767 4227 888 4294 agantur,
912 4217 1082 4273 hauddubie
1101 4215 1151 4272 alia
1170 4225 1212 4270 est
