2776 4876
211 329 266 393 to
1233 334 1267 388 εν

212 488 382 573 προτρέχει
404 490 448 560 είς
471 481 551 570 ὅπερ
573 482 747 573 προλαβὸν
768 490 823 564 aul
846 484 1079 574 προκατασχὸν
1102 484 1160 554 τὸν
1183 487 1267 577 ἀέρα

212 592 252 661 τό
274 599 399 661 ἑαυτῶν
421 593 508 672 εἶδος
528 599 758 686 ὲκφαίνουσιν·
788 595 863 664 οὐδὲ
885 601 959 686 περί
981 594 1102 676 αὐτοὺς
1117 597 1203 684 αιἰγή
1219 624 1270 678 τις

177 703 408 794 επεριλοίμπει
428 705 472 771 τὰ
493 704 729 793 πανταχόθεν.Ι
766 713 817 775 ἐπὶ
841 711 875 776 δὲ
898 713 962 775 τῶν
984 707 1100 796 ἡρώων
1121 712 1182 793 γῆς
1206 714 1267 795 μὲν

211 823 294 905 μέρη
317 811 391 885 τινὰ
414 828 609 901 συγκινεῖται
632 821 687 886 καί
709 816 822 911 ψόφοι
843 822 1068 906 περιηχοῦσιν·
1092 818 1111 886 ὁ
1134 822 1169 885 δὲ
1189 816 1267 897 ὅλος

212 927 232 995 ὁ
255 926 320 1016 ἀὴρ
343 927 384 995 οὐ
397 932 522 1013 γίνεται
536 927 729 1017 λεπτότερος
744 929 819 996 οὐδὲ
833 928 1043 1017 ἀσύμμετρος
1057 941 1126 1008 τοῖς
1143 933 1266 1015 θεουρ-

177 1058 194 1108 ν
211 1050 291 1124 γοῖς,
315 1037 396 1107 ὥστε
409 1036 591 1116 ,δύνασθαι
613 1035 716 1106 αὐτὸν
727 1051 855 1128 χωρεῖν.
900 1046 953 1107 ἐπὶ
968 1043 1002 1107 δὲ
1017 1043 1082 1106 τῶν
1097 1039 1268 1127 ἀρχόντων

211 1148 371 1238 περιβολὴ
393 1153 454 1235 μὲν
474 1147 634 1216 πλειόνων
657 1149 843 1238 φασμάτων
866 1155 1000 1239 περιθεῖ
1015 1148 1265 1239 ὃνσανοίσχετος,

211 1257 286 1342 ἤτοι
306 1258 444 1347 κοσμινὴ
467 1256 489 1341 ἢ
510 1265 680 1347 περίγειος,
702 1261 742 1328 orl
762 1259 830 1348 μὴν
850 1259 1069 1352 ίιπερκόσμιός
1090 1286 1126 1347 γε
1149 1258 1265 1330 λεπτό-

175 1385 268 1452 ντης
291 1370 402 1454 οὐὸ’ἡ
431 1377 497 1439 τῶν
524 1367 633 1456 ἄκρων
661 1378 831 1458 στοιχείων
858 1376 1085 1458 παραγίνεται.
1130 1384 1203 1450 ταῖς
1228 1374 1263 1440 δὲ

209 1494 364 1573 ψυχικαῖς
386 1487 593 1573 ἐπιφανείαις
608 1479 765 1568 συγγενὴς
778 1481 909 1569 μᾶλλόν
924 1490 1012 1551 ἐστιν
1028 1483 1046 1551 ὁ
1063 1481 1264 1574 φαινόμενος

209 1591 287 1680 ἀήρ,
308 1597 365 1660 καί
387 1595 514 1680 δέχεται
536 1592 645 1661 αὐτῶν
666 1590 727 1674 τὴν
749 1590 958 1684 περιγραφὴν
972 1601 1008 1660 εν
1022 1596 1128 1680 ἑαυτῷ
1144 1616 1263 1680 συνηρ-

158 1715 192 1766 12
209 1709 347 1790 τημίνος
369 1701 452 1793 πρὸς
474 1702 586 1781 αὐτάς.

302 1817 498 1882 Τελευταῖον
519 1819 632 1882 τοίνυν
654 1822 690 1882 ωί
711 1819 777 1883 τῶν
791 1813 980 1889 καλούντων
994 1819 1053 1898 τῆς
1067 1817 1176 1905 ψυχῆς
1191 1817 1262 1880 δια·
1280 1819 1300 1878 9

208 1929 321 2004 θέσεις
343 1930 396 1994 ἐπὶ
416 1930 477 2012 μίν
499 1928 557 2008 τῆς
585 1931 780 2018 ἐπιφανείας
808 1929 874 1993 τῶν
901 1930 994 1994 θεῶν
1022 1925 1265 2012 ἐξηλλαγμένην

157 2054 190 2104 15
208 2041 264 2102 καί
286 2037 507 2125 ὑπερέχουσαν
528 2014 773 2127 παραδέχονται
803 2034 863 2119 τὴν
885 2034 1073 2118 τελειότητα
1101 2033 1266 2123 ἑυίργειοίν

210 2171 244 2215 ιε
268 2151 438 2237 κρείττονα
461 2151 635 2228 παντελῶς,
658 2152 712 2214 καί
736 2152 835 2215 θεῖον
858 2152 962 2237 ἔρωτα
986 2151 1041 2213 καὶ
1057 2144 1266 2236 εὐφροσύνην

208 2255 383 2344 ἀμήχανον
405 2257 489 2340 ὅσην
510 2256 830 2345 μεταλαγχάνουσιν·
855 2261 957 2342 επίδὲ
972 2260 1037 2325 τῶν
1052 2257 1262 2345 ἀρχαγγέλου

280 2492 301 2540 1.
330 2487 474 2558 προλαβεῖν]
495 2488 633 2560 προβαλὼν
645 2488 678 2540 D.
752 2491 777 2541 2.
804 2487 900 2541 ἑαυτὸν
918 2488 974 2540 CD.
1046 2489 1071 2539 4.
1098 2501 1154 2556 post
1172 2504 1261 2556 περιη-

274 2573 369 2642 xoium
386 2573 456 2626 BCD
480 2589 585 2644 pergant
608 2573 803 2644 tusiapnodoqc
822 2575 846 2636 3,
867 2576 908 2629 13.
930 2573 1100 2626 cFescbiauo
1123 2573 1159 2624 nil
1181 2591 1260 2623 anno-

276 2674 362 2712 tatum.
452 2662 477 2713 d.
488 2663 513 2713 5.
542 2659 603 2713 ὁδὶ
622 2656 682 2721 ὅλος
700 2657 731 2723 ὁ]
750 2659 784 2711 sic
804 2663 834 2722 Α,
850 2654 911 2713 ott’
927 2657 992 2718 ὅλως
1011 2659 1046 2711 0.
1133 2661 1157 2710 7.
1187 2677 1260 2728 περι-

274 2744 351 2814 βολὴ]
364 2745 399 2797 sic
411 2748 443 2809 A,
461 2745 599 2817 παραβολὴ
613 2745 646 2797 0.
664 2739 676 2813 ΙΙ
697 2743 904 2815 δυσοινιίσχετος]
922 2742 990 2797 sicC
1009 2759 1032 2796 et
1044 2764 1121 2811 marg.
1133 2743 1175 2807 B,
1194 2744 1259 2796 tac-

274 2835 424 2899 ανασχίτως
442 2832 476 2884 0.
555 2832 580 2883 8.
608 2834 733 2900 κοσμινοί
751 2832 782 2884 D.
800 2826 813 2900 ΙΙ
826 2826 1002 2904 ὑπερχόσμιός
1021 2832 1053 2883 D.
1137 2831 1178 2882 11.
1206 2848 1259 2881 πα-

276 2915 416 2990 ραγραφὴν
435 2917 515 2969 Act).
589 2918 631 2968 14.
660 2915 741 2982 θεῶν]
760 2917 795 2968 sic
814 2920 845 2982 A,
873 2913 971 2970 παθῶν
989 2917 1022 2970 0.

205 3165 233 3210 et
250 3153 457 3232 praeoccupanti
475 3171 550 3208 suam
573 3153 695 3229 ipsorum
718 3156 834 3231 speciem
857 3155 1023 3231 imprimant:
1048 3149 1097 3209 scd
1119 3169 1169 3205 nec
1191 3148 1260 3204 radii

206 3239 289 3316 aliqui
308 3243 514 3313 circumquaque
536 3235 645 3314 litigent.
688 3236 815 3295 heroibus
837 3236 1041 3296 adventantibus
1064 3233 1157 3312 plagae
1181 3252 1259 3309 quae·

207 3326 266 3382 dam
284 3336 370 3382 terrae
388 3333 604 3390 commoventur,
622 3332 649 3377 ct
666 3324 864 3381 circumsonant
882 3324 1014 3402 fragorem
1038 3329 1111 3377 totus
1129 3337 1194 3375 vero
1212 3324 1259 3374 atr

206 3411 331 3468 subtilior
348 3431 403 3467 non
420 3410 460 3478 fir,
485 3428 571 3484 neque
589 3406 656 3465 adeo
674 3410 798 3467 inimicus
817 3409 1010 3476 sacerdotibus,
1033 3417 1063 3462 ut
1084 3424 1145 3461 eum
1162 3423 1258 3481 capere

205 3507 346 3572 nequeant.
390 3496 441 3552 sub
460 3494 632 3551 archontibus
652 3493 762 3552 difficile
781 3495 895 3554 toleratu
912 3495 1098 3553 circumcurrit
1116 3489 1258 3548 multorum

205 3583 371 3660 phasmatum
390 3600 495 3656 agmen,
516 3581 575 3637 sive
593 3578 661 3635 illud
678 3581 839 3640 mundanum
856 3584 894 3639 sit
915 3584 974 3638 sive
996 3590 1143 3645 terrenum
1171 3594 1258 3650 neque

205 3677 294 3722 tamen
312 3665 388 3721 adest
404 3665 540 3722 subtilitas
557 3667 778 3743 supermundana,
797 3670 878 3725 immo
896 3687 930 3722 ae
947 3665 1138 3724 elementorum
1150 3661 1258 3740 quidem

206 3769 399 3828 supremorum.
447 3753 551 3809 animas
566 3750 614 3809 ubi
631 3753 755 3809 visuntur
772 3757 819 3808 adr
835 3754 876 3809 eis
894 3752 1031 3826 cognatior
1042 3756 1099 3818 est,
1117 3766 1258 3823 carumque

207 3841 233 3894 in
253 3857 283 3892 se
302 3836 511 3915 descriptionem
527 3836 752 3895 accommodando
771 3857 803 3893 se
819 3836 888 3913 ipsis
906 3837 1027 3912 suscipit.

276 3923 401 3999 Denique
424 3921 613 4001 apparentibus
635 3922 689 3979 diis
711 3924 814 3979 animae
837 3921 1017 3978 invocantium
1038 3921 1075 3975 ita
1097 3917 1294 3984 afficiuntur,9

207 4019 238 4066 ut
254 4007 332 4065 aliam
351 4008 482 4085 quandam
500 4009 721 4086 praestantiorem
743 4006 930 4087 perfectiorem
951 4007 1074 4063 omnibus
1094 4002 1182 4062 modis
1204 4021 1257 4055 me-

206 4093 302 4152 liorem
320 4098 502 4172 operationem
524 4091 719 4170 adipiscantur,
742 4113 858 4150 amorem
881 4091 1000 4150 divinum
1022 4102 1050 4148 et
1072 4084 1258 4151 incredibilem

208 4179 337 4240 laetitiam
360 4184 483 4238 sentiant.
528 4179 717 4260 apparentibus
738 4176 903 4261 archangelis
919 4180 1021 4239 animae
1042 4175 1176 4250 recipiunt
1195 4194 1258 4231 con-
