2776 4876
214 362 267 427 4,2
1219 365 1273 423 188

303 518 373 584 Καὶ
395 509 495 594 οὗτος·
513 520 573 600 μὲν
595 513 696 596 ἀλλος
718 515 841 604 τρόπος
863 517 987 606 λόγων·
1009 516 1081 589 ἀδε
1096 524 1170 588 νυνὶ
1184 519 1308 608 πρό-2

212 652 317 695 κειται
337 639 480 704 σκοπεῖν,
508 631 612 695 ἐνίοτε
639 626 768 717 ὁρῶμεν
796 629 1001 718 γιγνόμενον.
1046 628 1085 699 τό
1111 629 1177 720 γάρ
1205 635 1272 699 τῶν

176 752 193 803 3
212 735 388 818 ἐπιτάξεσιν
411 739 584 824 συμβαίνει
605 743 680 827 περὶ
701 736 744 805 τά
757 738 804 824 μὴ
817 738 971 830 χρώμενα
986 745 1058 828 ἐδίρι
1072 739 1161 827 λόγῳ.
1175 740 1271 810 πνεό-

211 875 304 938 ματα
325 851 408 934 μηδὲ
430 851 565 937 κρίσεως
587 845 693 935 ἀρχὴν
708 853 834 936 ἔχοντα.
872 856 930 919 καὶ
944 857 1041 921 τοῦτο
1058 851 1118 920 οάκ
1132 851 1270 938 ἀπαντᾷ

211 957 418 1046 παραλόγως.
464 946 565 1050 φύσιν
586 957 655 1051 γάρ,
673 963 793 1047 ἔχουσα
816 965 1011 1049 λογίζεσθαι
1035 963 1128 1051 ἡμῶν
1151 963 1172 1043 ἡ
1197 960 1270 1030 διοί-

177 1090 287 1140 σνοια
310 1075 366 1138 καὶ
387 1074 565 1161 διακρίνειν
586 1061 667 1164 ᾗπερ
696 1075 759 1160 ἐχει
788 1070 830 1140 τά
858 1073 1053 1161 πράγματα,
1081 1073 1207 1153 πολλός
1235 1099 1270 1143 τε

212 1179 365 1268 δυνάμεις
385 1184 470 1265 ζωῆς
492 1190 527 1250 ἐν
548 1186 648 1276 ἑαυτῇ
670 1186 898 1269 συλλαβοῦσα,
917 1195 986 1264 τοῖς
1010 1187 1198 1272 ἀλογίστοις
1212 1188 1271 1256 καί

212 1289 296 1360 κατά
318 1297 401 1380 μίαν
423 1303 494 1372 τοῖς
508 1298 768 1381 ἐπιτελουμένοις
781 1302 947 1384 ἐνέργειαν
962 1296 1144 1365 ἐπιτάττειν
1159 1297 1269 1367 ε’ίωθε.

177 1406 302 1471 υκαλεῑ
322 1408 384 1491 μέν
412 1396 472 1472 οὖν
500 1401 585 1472 αάτά
608 1405 652 1485 ὡς
673 1410 852 1495 κρείττονα,
875 1407 960 1478 διότι
981 1406 1049 1476 ἀπὸ
1080 1412 1141 1476 τοῦ
1161 1414 1270 1496 περιί-

207 1539 326 1602 χοντος
355 1515 444 1601 ἡμᾶς
471 1512 599 1596 παντός
632 1515 760 1603 κόσμου
795 1516 838 1585 τά
867 1523 1087 1588 συντελοῦντα
1115 1514 1201 1606 πρός,
1226 1516 1269 1586 τά

212 1623 276 1693 ὅλα
297 1630 372 1717 περὶ
394 1623 437 1694 τά
459 1626 661 1716 κατεχόμενα
676 1636 713 1695 ἐν
726 1623 796 1708 τοῖς
808 1641 976 1718 μεριστοῖς
991 1633 1093 1697 ἕλκειν
1107 1637 1268 1719 ἐπιχειρεῖ.

159 1748 194 1800 12
211 1734 374 1805 ἐπιτάττει
396 1741 430 1806 δὲ
453 1737 496 1818 ἀς
514 1743 653 1831 χείροσι,
673 1740 828 1808 διότικαὶ
842 1746 927 1830 μέρη
941 1736 1016 1807 τινά
1030 1737 1189 1828 πολλάιμς
1203 1745 1269 1809 τῶν

211 1854 246 1915 ἐν
268 1852 315 1933 τῷ
335 1846 452 1937 κόσμῳ
471 1847 695 1939 καθαρώτερα
724 1855 781 1918 καὶ
802 1848 986 1940 τελειότερα
1015 1848 1175 1942 ἐμφύεται
1191 1847 1269 1918 ’τῶν

211 1956 401 2040 ἀνηκόντων
423 1967 468 2040 εές
489 1957 652 2049 τάνόλου
672 1959 813 2048 κόσμον·
836 1958 908 2030 οἷον
932 1969 959 2030 ελ
981 1958 1020 2029 τό
1041 1965 1102 2049 μέν
1125 1968 1173 2044 ε’ίη
1195 1987 1268 2030 νοε-

159 2090 192 2140 15
210 2067 280 2157 ρόν,
301 2067 339 2137 τό
356 2069 386 2135 δ’
402 2066 482 2137 ὅλον
497 2066 630 2157 ἀψυχον
643 2068 666 2153 ἢ
681 2071 829 2163 φυσικόν,
844 2071 918 2140 τότε
933 2068 998 2159 γάρ
1013 2075 1074 2139 τοῦ
1088 2077 1141 2139 ἐπὶ
1155 2076 1269 2141 πλεῖον

211 2185 433 2258 διατείνοντος
455 2176 493 2247 τό
517 2181 566 2248 ἐπ’
586 2185 723 2249 ἔλαττον
746 2186 861 2264 διῆκον
883 2190 929 2261 είς
951 2182 1103 2262 ἐξουσίαν
1125 2186 1194 2251 ἐστὶ
1212 2208 1268 2252 κυ-

211 2288 377 2380 ριώτερον,
407 2298 434 2358 εὶ
455 2295 512 2358 καὶ
535 2289 587 2359 ότι
607 2290 753 2377 μάλιστα
782 2291 996 2362 ἀπολείποιτο
1019 2292 1122 2360 αὐτοῦ
1144 2299 1190 2378 τῷ
1211 2318 1268 2380 με·

158 2421 192 2472 18
210 2406 306 2488 γίθει
327 2407 383 2470 καὶ
403 2400 530 2484 πλήθει
552 2406 611 2486 τῆς
633 2408 847 2493 ἐπικρατείας.

283 2629 307 2679 1.
334 2622 438 2698 τρόποις
456 2626 490 2679 D.
574 2627 599 2679 3.
624 2623 765 2687 ίπιτάξετις
783 2626 817 2679 Ι).
909 2629 951 2679 17.
979 2623 1083 2692 αὐτοῦ]
1102 2625 1137 2678 εἰσ
1156 2626 1224 2678 ABG
1243 2641 1267 2678 et

281 2713 344 2765 Gale
361 2727 422 2776 not,
450 2707 522 2778 αὐτῷ
542 2713 577 2765 0.,

285 2934 340 2991 sed
358 2935 403 2991 hio
421 2954 510 2991 sermo
528 2936 634 2993 aberrat
658 2958 674 2991 a
695 2956 779 3015 scopo
801 2938 944 3015 praesenti.
990 2936 1063 3014 quod
1087 2945 1174 2992 autem
1196 2933 1303 2991 nune2

210 3021 370 3099 proponitur
388 3020 619 3092 considerandum,
638 3033 665 3078 et
682 3022 743 3079 {ieri
760 3020 920 3099 quandoque
938 3025 1086 3090 cernimuo;
1104 3023 1215 3100 imperia
1228 3020 1266 3075 di·

212 3109 332 3184 riguntur
349 3105 384 3163 ad
401 3108 514 3185 spiritus
532 3109 601 3164 istos
620 3109 666 3184 qui
683 3127 739 3164 non
755 3117 865 3165 utuntur
883 3110 986 3165 ratione
1004 3127 1092 3183 noque
1104 3108 1207 3163 erieeor
1218 3125 1266 3182 po-

210 3204 314 3251 testate.
360 3214 409 3250 noo
427 3192 533 3251 videtur
550 3193 603 3250 hoc
621 3196 680 3250 eine
697 3196 801 3250 ratione
819 3193 881 3252 diei.
926 3214 1002 3250 meno
1021 3195 1092 3249 enim
1112 3201 1204 3248 nostra
1222 3211 1266 3247 na·

212 3278 334 3337 turaliter
352 3278 386 3336 de
404 3279 484 3337 rebus
503 3280 679 3338 ratiocinandi
697 3289 724 3336 et
742 3279 879 3338 iudicandi
889 3289 972 3358 prout
984 3299 1046 3336 εεεε
1056 3278 1158 3337 habeut
1168 3276 1267 3355 gaudet

212 3365 347 3435 facultate,
370 3377 399 3424 et
420 3370 492 3426 vitae
509 3369 596 3426 variae
619 3367 701 3423 habet
722 3368 807 3436 airee3
831 3365 901 3423 unde
923 3365 1064 3444 spiritibus
1086 3366 1191 3421 ratione
1212 3382 1266 3419 non

209 3453 346 3510 utentibus
364 3463 392 3510 et
409 3473 488 3511 unam
506 3455 689 3532 operationem
708 3452 881 3532 operantibus
898 3462 991 3530 potest
1008 3454 1146 3530 imperare.
1192 3450 1267 3505 invo-

210 3558 301 3596 cemus
319 3540 400 3615 igitur
417 3541 530 3618 spiritua
547 3538 598 3597 hor
617 3549 752 3616 tamquam
769 3540 988 3616 praestantiores,
1007 3540 1132 3615 quoniam
1143 3536 1266 3613 oupimue

210 3625 243 3681 ab
262 3625 388 3680 universo
413 3635 440 3679 et
462 3645 512 3681 nos
536 3627 690 3682 continente
712 3624 811 3682 mundo
834 3625 868 3682 ad
889 3623 1060 3702 particularia
1081 3621 1214 3680 attrahere
1236 3642 1267 3678 ea

210 3731 277 3787 quae
296 3708 330 3766 ad
348 3711 431 3766 totius
449 3711 592 3768 utilitatem
610 3711 731 3769 tendunt.
777 3714 937 3790 imperamus
956 3730 1062 3767 mosum
1080 3711 1115 3766 iia
1132 3720 1267 3785 tamquam

211 3795 390 3864 inferioribus,
410 3798 535 3872 quoniam
552 3818 632 3876 saepe
650 3819 694 3856 rea
711 3801 741 3855 in
759 3798 858 3856 mundo
876 3795 1051 3875 particulares
1069 3799 1192 3875 puriores
1207 3815 1267 3874 per·

212 3881 391 3958 fortioresque
409 3884 463 3939 sint
480 3883 514 3939 iio
533 3903 601 3960 quae
624 3884 705 3943 latiur
723 3902 783 3940 sese
801 3882 954 3940 diffundunt
971 3883 1007 3941 ad
1023 3893 1108 3941 totum
1125 3880 1266 3948 mundum

211 3970 288 4028 verbi
306 3971 389 4047 gratia
407 3971 432 4025 εἰ
449 3968 518 4026 illud
535 3973 580 4038 sit,
598 3982 628 4027 ut
646 3981 689 4028 est
705 3990 781 4028 mena
792 3979 892 4038 nostra,
909 3969 1089 4029 intellectuale
1100 3981 1196 4038 totum,
1214 3968 1266 4024 hoo
1343 3980 1345 3987 ⁴

213 4060 301 4114 autem
318 4057 433 4112 inanime
445 4066 473 4112 et
485 4077 556 4114 mere
568 4056 695 4124 naturale,
714 4066 778 4113 tuno
791 4066 864 4113 certa
875 4055 942 4116 illud
954 4057 1027 4134 quod
1038 4060 1175 4136 angustius
1186 4053 1267 4110 habet

194 4145 356 4222 -imperium
374 4142 423 4200 illo
442 4143 516 4221 quod
532 4143 638 4221 longius
656 4163 687 4200 ee
704 4140 824 4200 extendit
840 4146 1019 4222 praestantior
1037 4156 1087 4214 est,
1109 4152 1169 4200 utut
1187 4140 1266 4217 longo

214 4232 247 4288 ab
266 4252 298 4288 eo
317 4243 458 4310 superetur
475 4243 532 4290 tum
549 4231 730 4308 magnitudino
748 4241 805 4290 tunt
821 4231 1020 4310 pulchritudine
1037 4230 1150 4307 imperii.
