2776 4876
212 359 265 415 151)
1195 351 1265 415 3,21

213 519 435 604 παρεχομένης
458 509 632 597 ἀξιόλογον
654 509 737 597 πρὸς
759 508 819 589 τὴν
842 513 906 574 τῶν
931 511 1034 574 θείων
1056 511 1159 594 ίργων
1182 505 1268 573 ἀπο-

213 626 388 712 πλήρωσιν.
975 678 978 685 .

156 751 195 808 21
304 734 445 816 Μήποτε
469 727 528 802 οὑν
551 730 569 800 ὃ
592 740 704 821 τρίτον
727 728 942 819 προσίθηκάς
972 735 1060 794 ἐστιν
1081 728 1302 810 dindime-3

187 837 189 842 ’
212 871 281 935 ρον,
311 846 353 925 ὡς
375 843 442 933 ἀρα
463 842 579 930 μικτόν
601 869 633 909 τι
653 846 778 928 γίνεται
799 839 1011 918 ὑποστάσεως
1026 835 1111 918 εἶδος
1126 840 1160 921 ἐξ
1174 839 1270 925 ἡμῶν

214 984 249 1027 τε
272 963 332 1040 τῆς
355 961 463 1046 ψυχῆς
485 960 540 1022 καὶ
563 954 688 1035 ἔξωθεν
711 957 822 1040 θείας
840 957 1018 1030 ἐπιπνοίας.
1060 949 1123 1040 ὅρα
1145 947 1186 1033 δή
1209 943 1270 1017 οὖν

213 1067 295 1137 αὑτὸ
319 1059 561 1156 ἀκριβέστερον,
591 1064 639 1153 μή
661 1091 718 1132 ποι
740 1062 901 1150 λάθωμεν
929 1063 1007 1151 παρ’
1027 1062 1131 1130 αὑτοῦ
1158 1080 1303 1150 παρα-6

213 1182 431 1257 ποδισθίντες
453 1182 509 1244 καί
531 1181 591 1259 τῆς
612 1185 648 1244 ὲν
671 1176 759 1260 αὑτᾷ
783 1184 985 1267 φαινομένης
1001 1174 1200 1262 εὐπρεπείας.
1240 1181 1269 1240 εί

213 1287 278 1379 γάρ
300 1289 366 1358 ποὺ
388 1314 421 1355 τι
443 1291 592 1385 ἐκιδοοῖν
614 1292 648 1354 ἓν
677 1287 884 1367 ἀποτέλοιτο,
912 1287 1064 1371 ὁμοειδὲς
1086 1289 1185 1353 τοῦτο
1212 1291 1269 1352 καὶ

213 1402 359 1493 ὑμοφυὲς
381 1405 449 1466 πᾶν
472 1405 540 1467 ἐστὶ
562 1404 618 1467 καὶ
641 1396 835 1485 ὁμοοὺσιον·
860 1395 944 1464 οὑτω
966 1393 1008 1463 τά
1031 1409 1175 1484 στοιχεῖα
1192 1420 1268 1466 σνν-
1287 1408 1304 1459 9

214 1512 375 1599 ερχόμενα
398 1519 442 1589 είς
464 1506 566 1578 ταὺτὸ
590 1519 624 1576 ὲκ
639 1512 771 1578 πολλῶν
787 1516 820 1576 ἕν
836 1534 866 1574 τι
881 1505 1107 1594 ἀπεργάζεται,
1129 1511 1185 1574 καὶ
1203 1526 1269 1597 apv-

211 1629 268 1711 χαί
292 1626 438 1700 πλείονες
460 1630 504 1700 είς
526 1618 636 1710 ψυχὴν
658 1623 740 1706 μίαν
762 1617 823 1701 τὴν
840 1617 922 1701 ὅλην
936 1618 1191 1704 σομπήγνννται.
1229 1619 1270 1686 οὑ

214 1740 328 1819 μέντοι
341 1729 379 1799 τὰ
395 1735 563 1809 παντελῶς
578 1730 775 1824 ἐξῃρημένον
797 1728 881 1812 πρὸς
904 1728 942 1796 τὸ
963 1726 1137 1816 ἐκβεβηκὸς
1151 1733 1271 1798 ἑαυτοῦ
1289 1738 1323 1789 12

214 1850 342 1928 γίνοιτο
366 1838 409 1909 ἀν
431 1850 510 1908 ποτε
533 1849 576 1920 ἕν,
607 1840 681 1908 οὐδὲ
710 1837 799 1930 ψυχὴ
829 1844 942 1906 τοίνυν
969 1837 1053 1928 μετά
1081 1845 1140 1923 τῆς
1167 1846 1270 1920 θείας

215 1957 385 2030 ἐπιπνοίας
408 1960 443 2019 tv
465 1977 497 2018 τι
519 1963 605 2018 ποιεῖ
625 1949 837 2029 ὑποστάσεως
861 1950 954 2028 εἶδος.
993 1958 1020 2018 εί
1042 1949 1107 2040 γάρ
1131 1948 1269 2038 ἀμικτόν

215 2072 284 2130 ἐστι
306 2060 344 2130 τὸ
368 2061 559 2153 θεῖονιοὺἀ
579 2062 599 2144 ἡ
622 2059 713 2152 ψυχὴ
735 2059 818 2146 πρὸς
840 2058 922 2129 αὑτὸ
950 2069 1184 2148 συμμίγνυται,
1213 2068 1269 2130 καὶ
1290 2080 1324 2131 tt

216 2182 243 2241 el
265 2171 495 2261 ἀμετάβλητον
517 2170 655 2261 ὑπάρχει
683 2173 743 2240 οὐκ
772 2167 814 2238 ἀν
841 2179 875 2239 ἐκ
903 2177 962 2255 τῆς
991 2172 1199 2262 συγκράσεως
1226 2181 1271 2252 είς

215 2282 253 2352 τὸ
275 2282 387 2353 κοινὸν
411 2280 477 2350 ἀπὸ
500 2288 561 2351 τοῦ
583 2285 691 2351 ἁπλοῦ
713 2287 953 2368 μεταβληθείη.

303 2394 477 2484 Πρότερον
499 2400 559 2480 μὲν
582 2387 641 2462 οὑν
663 2390 763 2482 μικρά
787 2393 985 2480 αίθύγματα
1005 2396 1186 2484 Ιἀνεγείρειν
1202 2395 1269 2463 ὲνό-
1290 2411 1325 2461 18

284 2579 309 2628 t.
336 2575 428 2646 μικρόν
447 2576 477 2626 C.
572 2575 649 2625 910.
676 2574 838 2644 συνεχόμενοι
853 2573 937 2637 1101).
1038 2579 1080 2630 11.
1107 2582 1269 2647 σομμίγνυν-

284 2682 330 2713 ται
349 2659 428 2712 ACD.
554 2661 596 2711 11.
624 2657 666 2724 τι]
686 2679 736 2710 τινι
754 2661 788 2710 Ι).
817 2655 829 2728 ΙΙ
860 2669 999 2714 ποιεῖοοτ.
1020 2663 1053 2714 0.
1083 2657 1095 2730 ll
1125 2661 1163 2730 εἰ]
1189 2659 1220 2715 οὗ
1239 2663 1268 2713 Β.

286 2748 328 2797 lt.
355 2740 539 2816 συγκράσεως]
558 2744 593 2795 sic
612 2743 692 2807 Act),
721 2748 881 2816 συγκρίσεως
899 2747 931 2798 Ο.

215 2938 321 2995 quoquc
340 2925 447 2994 oportet
465 2916 498 2972 ab
518 2920 591 2972 omni
609 2916 657 2973 tali
675 2917 833 2995 hypothesi,
857 2941 924 2996 quac
942 2923 1019 2997 quasi
1037 2923 1147 2998 praehet
1165 2943 1272 2978 causam

214 3007 313 3061 lostam
330 3012 424 3059 contra
442 3003 595 3059 divinorum
614 3023 726 3080 operum
744 3003 929 3081 expletionem.

157 3089 195 3146 21
287 3089 368 3163 Quod
387 3089 516 3146 addidisti
534 3092 614 3145 tertio
632 3087 693 3145 loco
712 3089 850 3146 videamus
862 3094 886 3147 si
899 3091 967 3148 forte
979 3094 1069 3148 verius
1086 3094 1129 3146 sit.
1165 3094 1273 3148 mistam

215 3177 346 3253 quandam
364 3175 543 3253 hypostaseos
562 3178 679 3254 speciem
699 3175 785 3252 lingis,
805 3187 971 3234 constantem
990 3200 1024 3235 ex
1042 3181 1127 3234 anima
1140 3187 1231 3233 nostra
1245 3189 1273 3234 et

215 3262 307 3318 divino
325 3261 417 3318 afflatu
429 3265 584 3318 extrinsece.
631 3261 693 3317 vide
706 3271 793 3317 autem
804 3261 857 3318 hoc
869 3265 957 3341 ipsum
970 3264 1133 3340 diligentius,
1152 3285 1186 3319 ue
1202 3263 1272 3320 sorte

214 3346 337 3405 fallamur
355 3351 388 3404 ob
407 3369 452 3415 eo,
477 3359 504 3404 et
522 3369 536 3403 a
555 3350 647 3426 specie
664 3367 732 3424 quae
756 3350 784 3402 in
803 3369 835 3404 eo
860 3360 902 3405 est
925 3353 1037 3407 rationis
1061 3350 1271 3428 supplantemur.

215 3438 427 3510 quotiescunque
445 3437 516 3490 enim
534 3455 567 3491 ex
585 3434 690 3490 duobus
714 3434 745 3489 lit
762 3454 844 3490 unum
862 3434 979 3511 aliquod,
1003 3446 1088 3492 totum
1106 3436 1173 3492 illud
1192 3439 1271 3493 unius

215 3524 314 3598 speciei
332 3530 441 3577 naturae
459 3530 487 3577 ct
504 3523 636 3577 esseutiae
654 3521 692 3574 sit
710 3528 833 3597 oportet3
851 3523 891 3577 sic
903 3520 1034 3578 elementa
1052 3542 1084 3579 ex
1096 3521 1187 3577 multis
1201 3540 1271 3576 com·

214 3609 332 3683 positum
349 3627 431 3663 uuum
450 3607 597 3664 conficiunt
621 3608 819 3673 convenientia,
843 3616 871 3662 et
895 3611 997 3665 animae
1020 3607 1117 3665 multae
1140 3612 1168 3664 in
1192 3626 1271 3664 uuam

215 3687 328 3748 animam
346 3692 507 3750 coalescunt.
557 3695 693 3749 enimvero
713 3692 784 3768 quod
803 3691 881 3770 longe
899 3697 1059 3752 eminentius
1077 3705 1119 3751 est
1136 3712 1271 3768 nunquam

215 3778 381 3855 conspirahit
398 3781 426 3833 in
444 3799 526 3835 unum
544 3801 558 3834 a
577 3799 624 3835 sua
647 3779 811 3857 perfectione
832 3778 983 3858 delapsum,
1009 3802 1089 3858 quare
1112 3801 1161 3837 uec
1185 3782 1270 3834 anima

215 3882 275 3920 cum
296 3863 384 3919 divina
397 3866 572 3941 inspiratione
584 3886 662 3922 unam
675 3866 808 3944 quandam
819 3886 935 3942 unquam
945 3866 1105 3944 hypostasin
1116 3868 1269 3923 constituet.

215 3957 238 4006 sl
257 3951 327 4006 euim
345 3950 522 4006 immiscibilis
540 3961 582 4006 est
600 3951 726 4009 divinitas
745 3963 817 4010 certe
835 3956 860 4008 ei
878 3973 932 4010 non
951 3952 1113 4009 admiscetur
1131 3955 1224 4018 anima,
1244 3962 1271 4006 et

215 4039 239 4093 si
257 4033 479 4113 impermutabilis
498 4045 540 4091 est
559 4057 623 4092 sanc
639 4059 689 4115 per
708 4039 892 4096 confusionem
913 4060 1047 4116 nunquam
1072 4037 1270 4115 simplicitatem

214 4126 289 4179 suam
307 4120 481 4179 commutabit
499 4123 526 4175 in
546 4120 618 4177 aliud
637 4142 777 4180 commune
796 4126 907 4182 duobus.
940 4184 944 4191 ,

284 4207 363 4264 Prius
382 4208 491 4284 quidem
509 4227 523 4260 a
542 4207 678 4264 nonnullis
697 4209 798 4266 dictum
816 4211 909 4278 luerat,
929 4211 1055 4268 scintillis
1073 4213 1173 4285 exiguis
1187 4212 1270 4266 susci·
