2776 4876
119 338 174 401 ι,ε
193 304 197 315 ’
1126 336 1175 390 ror

119 491 313 577 ἀνηγμένον,
336 488 374 556 τὸ
396 491 462 557 τῶν
483 487 666 575 δαιμόνων,
691 487 776 556 οὕτω
799 494 854 557 καὶ
877 495 929 558 ἐπί
952 494 1018 557 τῶν
1040 492 1176 559 δικαίων

118 605 175 671 καὶ
198 600 321 668 ἀδίκων
343 605 440 680 θεοῖς
467 605 528 687 μέν
549 606 605 669 καὶ
628 600 776 688 ἀγαθοῖς
799 605 955 688 δαίμοσιν
976 599 1175 670 ἀποδιδόναι

84 729 99 780 ³
118 717 168 781 δεῖ
189 711 305 800 μόνως
320 707 360 779 τό
382 710 564 782 καλόνκαὶ
586 715 722 793 δίκαιον,
745 709 787 779 τά
810 717 845 781 δὲ
868 711 968 780 ἀδικα
982 717 1038 780 καὶ
1053 711 1175 802 αίσχρά

117 821 358 914 ἀπεργάζονται
387 832 419 894 οἱ
447 823 544 917 φύσει
571 829 713 912 πονηροὶ
742 827 904 910 δαίμονες.
956 828 1013 893 καὶ
1042 821 1080 891 τό
1116 828 1176 909 μὲν

121 935 389 1025 ὁμολογούμενον
411 934 518 1027 ποίυτγ
539 939 595 1002 καὶ
618 933 797 1025 σύμφωνον
818 932 902 1023 πρὸς
924 930 1022 1003 ἑαυτό
1045 940 1101 1002 καὶ
1124 935 1176 1002 ἀεὶ

85 1051 224 1133 timui
245 1047 400 1128 ὡσαύτως
422 1051 498 1136 έχον
518 1044 677 1136 προσήκει
691 1056 761 1125 τοῖς
775 1051 945 1134 κρείττοσι,
968 1043 1006 1114 τό
1030 1047 1059 1115 δ’
1080 1055 1175 1115 ἐναν-

118 1162 191 1227 τίον
212 1163 269 1227 καὶ
292 1157 495 1250 ἀσύμφωνον
517 1163 573 1226 καὶ
593 1160 756 1246 μηδέποτε
773 1155 813 1226 τό
828 1157 911 1227 atad
926 1164 984 1240 τῆς
999 1161 1175 1246 δαιμονίας

119 1268 326 1350 διαστάσεύς
344 1279 432 1339 ἐστιν
454 1267 637 1350 ιδιύτατον,
658 1274 732 1358 περὶ
754 1266 797 1354 ἢν
820 1278 847 1338 ει
870 1275 995 1357 γίνεται
1010 1265 1053 1338 τά
1067 1268 1174 1358 μαχό-

84 1394 202 1469 9μενα
224 1382 320 1451 οὐδέν
342 1389 412 1452 ἐστι
434 1378 652 1467 θαυμαστόν·
684 1377 771 1448 ἀλλά
798 1381 996 1450 τούναντίον
1023 1382 1102 1462 ίσως
1132 1377 1176 1449 ἀν

119 1485 161 1573 ἦν
182 1493 471 1583 θαυμαστότερον,
495 1500 522 1561 εί
543 1487 589 1578 μὴ
613 1489 716 1571 ούτως
739 1492 830 1580 εἶχεν.

204 1605 275 1672 Ἀπ’
294 1602 398 1688 ἄλλης
425 1608 537 1673 τοίνυν
566 1594 669 1682 αὖθις
699 1602 883 1692 ὁρμώμενοι
910 1604 1105 1684 ὑποθέσεως
1132 1601 1211 1674 τά8

67 1725 102 1776 12
119 1714 290 1802 σωματικά
322 1723 406 1806 μέρη
439 1721 499 1784 τοῦ
527 1711 653 1793 παντός
682 1711 755 1782 ούτε
784 1711 871 1801 ἀργά
905 1711 979 1784 ούτε
1008 1714 1177 1802 δυνάμεως

118 1823 244 1917 ἀμοιρα
267 1827 351 1897 εἶναι
372 1830 561 1913 τιθέμεθα,
590 1824 664 1892 ἀλλ’
685 1822 753 1912 ὅσῳ
776 1823 952 1908 τελειότητι
979 1830 1036 1894 καί
1065 1826 1178 1895 κάλλει

118 1943 174 2006 καί
195 1945 333 2025 μεγέθει
354 1945 485 2028 προέχει
505 1943 570 2006 τῶν
592 1936 765 2024 ἡμετέρων,
788 1935 935 2023 τοσούτῳ
956 1941 1012 2005 καί
1036 1936 1177 2024 δύναμιν

67 2064 100 2116 15
119 2048 234 2128 αὐτοῖς
255 2062 411 2138 παρεῖναι
431 2052 566 2134 μείζονα
592 2048 870 2141 ἀποφαινόμεθα.
916 2046 1004 2116 αύτά
1032 2053 1093 2137 μὲν
1115 2041 1177 2117 οὖν

118 2158 203 2226 καθ’
221 2159 325 2227 έαυτά
347 2167 441 2250 ἕτερα
464 2158 604 2226 δύναται
632 2167 689 2225 καὶ
717 2172 805 2225 ποιεῖ
831 2157 1057 2248 διαφερούσας
1084 2156 1177 2239 τινάς

119 2274 297 2359 ἐνεργείας·
320 2268 461 2338 δύναται
483 2273 518 2337 δὲ
538 2272 596 2335 καὶ
616 2265 700 2357 πρός
722 2264 850 2349 tutata
864 2265 951 2336 πολύ
964 2267 1071 2350 δήπου
1085 2275 1176 2339 πλεί-

67 2395 101 2446 18
119 2405 182 2450 ονα
205 2379 467 2471 ἀπεργάζεσθαι.
513 2385 569 2448 καὶ
591 2382 676 2460 δῆτα
705 2384 761 2447 καὶ
789 2386 834 2458 εις
862 2376 904 2445 τά
926 2384 1009 2469 μέρη
1032 2379 1176 2463 καθήκει

190 2571 214 2622 3.
243 2567 296 2636 δεῖ]
315 2567 350 2620 sic
370 2567 428 2631 Ac,
456 2588 506 2621 om.
527 2569 560 2622 0.
590 2562 603 2636 ΙΙ
632 2565 732 2638 μόνως]
750 2564 832 2637 μόνον
851 2567 884 2618 Ι).
1020 2567 1043 2618 6.
1071 2564 1174 2636 ἑαυτῷ]

192 2655 271 2709 ἑαυτό
290 2656 324 2707 Ι).
348 2649 361 2723 Ι]
384 2655 523 2727 κρείττοσι
541 2654 574 2713 D.
682 2653 707 2706 9.
735 2648 784 2720 ἀν]
806 2658 853 2723 μέν
877 2653 910 2704 0.
1018 2654 1059 2703 11.
1088 2656 1176 2705 τοίνυν

192 2731 291 2807 αὖθις]
309 2740 345 2792 aie
363 2738 418 2802 Ac,
446 2744 536 2792 τοίνυν
553 2741 587 2800 D,
607 2760 657 2792 orn.
676 2739 710 2792 0.
733 2733 746 2807 Ι]
769 2735 943 2806 ὕπογενίσεως
962 2736 993 2790 Β.
1067 2741 1106 2792 13.
1135 2760 1176 2792 τι·

190 2830 292 2884 etnam
310 2825 341 2879 B.
415 2827 456 2879 14.
486 2823 603 2896 προέχει]
623 2827 742 2895 διαφέρει
758 2824 845 2875 Fesch.
919 2826 961 2876 15.
989 2817 1051 2892 ούν]
1070 2825 1105 2877 sie
1120 2825 1175 2889 AC,

189 2932 239 2964 om.
260 2912 291 2965 0.
370 2912 412 2964 18.
441 2915 486 2965 καὶ
504 2927 560 2981 post
578 2909 657 2980 δῆτα]
677 2911 712 2962 sic
731 2909 784 2973 Ac,
804 2931 853 2962 om.
874 2912 906 2964 Ο.
932 2905 944 2978 ΙΙ
968 2913 1077 2965 sactae
1097 2910 1151 2963 Ac.

118 3107 184 3155 mus,
204 3089 244 3143 sic
261 3098 370 3166 oportet
387 3087 421 3143 de
439 3089 510 3145 iusto
529 3098 556 3145 et
574 3089 674 3143 iniusto
692 3094 817 3153 statuere,
836 3095 864 3141 et
882 3085 934 3141 diis
946 3084 1078 3161 bonisque
1090 3088 1176 3161 geniis

117 3172 259 3251 pulchrum
276 3183 304 3229 et
321 3175 422 3231 iustum
439 3175 568 3232 duntaxat
584 3174 716 3232 tribueret
734 3192 795 3228 nam
813 3173 901 3228 inusta
919 3180 946 3227 et
964 3173 1052 3248 turpia
1071 3170 1176 3229 daemo-

117 3280 166 3314 nes
185 3270 276 3316 natura
294 3258 357 3316 mali
375 3272 527 3339 operantur.
573 3259 671 3317 deiude
689 3256 818 3335 quicquid
841 3257 895 3313 sibi
913 3266 1020 3313 constat
1042 3256 1095 3313 sibi
1113 3277 1176 3334 con·

118 3348 201 3402 sentit
219 3346 273 3404 sibi
291 3346 386 3403 eodem
404 3367 511 3427 semper
528 3346 608 3404 modo
621 3343 710 3402 simile
721 3354 772 3413 εει,
791 3343 819 3400 id
831 3341 987 3399 melioribus
998 3345 1101 3400 naturis
1114 3363 1177 3400 con·

118 3434 204 3498 uenit3
224 3432 298 3509 quod
315 3443 404 3489 autem
417 3453 508 3490 secum
519 3443 619 3512 pugnat
632 3430 769 3489 discordat
781 3450 831 3486 nec
844 3428 915 3486 idem
927 3439 977 3497 est,
996 3429 1025 3485 id
1036 3430 1177 3506 proprium

118 3528 161 3574 est
178 3528 288 3574 naturae
306 3517 465 3575 daemonum
482 3519 618 3587 factiosae,
637 3520 665 3574 in
684 3537 735 3594 qua
753 3519 777 3575 si
791 3516 923 3573 contraria
942 3524 970 3570 et
981 3516 1124 3594 pugnantia
1135 3533 1177 3570 re·

117 3605 263 3683 pociantur,
281 3601 350 3658 nihil
368 3605 443 3670 miri;
461 3607 553 3682 potius
570 3603 719 3661 mirandum
737 3604 762 3659 si
780 3622 834 3658 non
851 3604 891 3658 ita
908 3611 988 3658 esset.

191 3688 234 3744 Ab
253 3687 306 3743 alio
325 3699 480 3763 argumento
498 3691 635 3748 ordientes
653 3688 725 3747 idem
737 3691 778 3746 sic
790 3707 916 3745 conamur
928 3686 1078 3744 ostendere.
1115 3708 1175 3765 par·
1191 3687 1212 3748 8

118 3786 160 3833 tes
179 3773 271 3831 mundi
289 3793 435 3852 corporeae
453 3797 541 3853 neque
558 3779 661 3834 otiosae
679 3784 743 3833 sunt
760 3794 848 3850 neque
859 3777 956 3832 virium
968 3783 1107 3853 expertes3
1125 3773 1175 3831 sed

118 3871 192 3917 tanto
211 3863 246 3918 iis
264 3862 393 3917 maiorem
409 3864 465 3918 rim
490 3862 672 3920 adiudicumus
695 3869 794 3937 quanto
816 3869 923 3917 nostras
944 3881 988 3918 res
1010 3859 1175 3940 perfectione

117 3946 317 4025 pulchritudine
335 3948 516 4024 magnitudine
534 3957 669 4025 superant.
714 3947 795 4022 igitur
813 3966 985 4025 unaquaequo
999 3968 1090 4004 earum
1102 3949 1173 4004 vires

117 4053 240 4090 seorsum
258 4033 415 4092 differentes
437 4033 532 4101 habet,
555 4034 673 4090 actiones
696 4031 816 4091 diuersas
839 4033 909 4102 edit3
930 4037 995 4092 item
1016 4031 1174 4090 habitudine

119 4118 231 4195 quadam
249 4121 416 4178 adinvicem
433 4119 518 4179 multo
536 4118 615 4198 plura
637 4119 770 4177 conficere
792 4131 913 4198 possunt.
960 4121 1106 4196 quinetiam
1129 4119 1176 4179 de·

118 4205 224 4263 stendit
247 4206 279 4262 ab
303 4207 498 4265 universalibus
523 4206 558 4263 ad
578 4205 725 4283 particulas
746 4206 876 4285 quaedum
898 4208 968 4264 actio
993 4203 1173 4274 multiformis,
