2776 4876
197 357 261 398 xxx
578 340 722 419 Porphyrii
740 341 863 419 epistola.

197 499 255 566 ἀπ’
276 498 425 582 ἀλλήλων
448 503 600 581 ἐπιζητῶ·
624 497 721 584 μήπω
744 497 805 576 τάς
828 502 991 586 ἐνεργείας
1013 493 1036 579 ή
1057 497 1251 582 παθητικὰς

198 611 338 694 κινήσεις
360 608 382 694 ἢ
403 608 445 678 τά
469 609 682 698 παρεπόμενα
698 606 719 692 ή
734 607 795 692 τήν
810 609 893 696 πρὸς
908 608 950 677 τά
968 614 1171 700 διαφέροντα
1187 611 1248 679 σώ-

195 750 285 810 ματα
308 722 495 803 κατάταξιν,
518 720 591 790 οἷον
613 727 705 789 θεῶν
727 727 788 809 μεν
809 720 893 811 πρὸς
906 718 948 789 wi
964 727 1109 812 αἰθέρια,
1132 722 1249 811 δαιμό-
1268 739 1283 787 3

195 860 261 901 νων
284 838 317 901 δὲ
341 832 423 921 πρὸς
446 832 487 902 τά
510 835 623 920 ἀέρια,
651 837 768 925 ψυχῶν
791 837 825 901 δὲ
848 838 912 901 τῶν
940 839 1015 920 περὶ
1037 838 1109 918 μήν,
1138 839 1249 902 αἰτίαν

195 946 278 1014 εἶναι
302 953 445 1033 λέγωμεν
467 952 526 1028 τῆς
549 954 583 1013 έν
606 945 718 1024 αὐτοῖς
741 949 940 1031 διακρίσεως.

157 1063 177 1120 3
282 1059 411 1150 Ἐρωτῶ
434 1063 467 1125 δὲ
491 1055 545 1124 ded
568 1063 600 1124 τί
624 1066 658 1124 έν
673 1057 804 1145 οὐρανῷ
819 1055 1058 1124 κατοικούντων
1076 1061 1141 1124 τῶν
1157 1061 1249 1124 θεῶν
1268 1079 1283 1129 6

90 1193 97 1205 '
194 1170 307 1256 μόνον,
328 1174 480 1258 χθονίων
502 1175 557 1237 καὶ
579 1169 795 1256 ὑποχθονίων
818 1174 879 1238 εἰσὶ
901 1165 993 1259 παρά
1009 1181 1078 1248 τοῖς
1093 1172 1248 1258 θεονργι-

194 1294 266 1361 κοῖς
288 1282 433 1365 κλήσειςς
457 1285 525 1360 πῶς
548 1279 691 1369 ένάὃριοέ
712 1306 796 1359 τινες
819 1283 969 1365 λέγονται
984 1288 1040 1348 καὶ
1056 1281 1169 1370 ἀέριοι,
1193 1279 1247 1347 τό·

194 1419 275 1472 πους
298 1421 332 1461 τε
356 1393 556 1482 ὃιειλήχασιν
579 1389 675 1460 ἀλλοι
696 1390 831 1472 ἀλλους,
860 1397 916 1458 καὶ
945 1391 1106 1479 σωμάτων
1128 1397 1282 1477 μοίραςθ

195 1505 453 1591 διεκληρώσαντο
477 1503 563 1571 κατά
585 1501 802 1595 περιγραφήν,
826 1515 934 1571 καίτοι
956 1502 1096 1591 δύναμιν
1112 1501 1248 1589 ἀπειρον

194 1621 323 1705 ἔχοντες
345 1621 401 1684 καὶ
424 1616 601 1706 ἀμέριστον
627 1621 687 1695 καὶ
715 1615 954 1710 ἀπερίληπτονς
984 1619 1057 1701 πῶς,
1082 1641 1116 1683 τε
1139 1615 1248 1683 αὐτῶν

194 1733 284 1797 έσται
310 1729 328 1811 ή
353 1737 466 1807 ένωσις
487 1725 571 1818 πρὸς
593 1727 763 1810 ἀλλήλους,
786 1732 893 1816 μερῶν
907 1741 1076 1814 μερισταῖς
1091 1753 1247 1817 περιγρα-
1267 1738 1300 1787 12

72 1918 80 1931 .
133 1895 135 1899 .
194 1853 275 1932 φαῖς
302 1844 543 1931 ὃιειρμομένων,
572 1845 628 1906 καὶ
650 1840 734 1906 καθ’
753 1837 930 1928 ἑτερότητα
959 1843 1025 1906 τῶν
1053 1838 1163 1907 τόπων
1192 1845 1246 1907 καὶ

194 1950 356 2040 σωμάτων
377 1954 596 2040 ὑποκειμένων
618 1954 866 2039 ὃιειλημμένων;

157 2066 175 2122 4
283 2069 364 2144 Πῶς
386 2069 551 2151 ἐμπαθεῖς
573 2069 604 2131 οἱ
620 2063 788 2153 θεόσοφοι
810 2068 1000 2151 παριστωσι,
1024 2063 1073 2144 οἷς
1096 2061 1299 2132 diolcon-15

193 2204 258 2245 των
281 2183 365 2270 φασὶ
389 2172 537 2270 φαλλοὺς
562 2173 696 2243 ἱστάναι
723 2181 780 2242 καὶ
801 2181 976 2243 ποιεῖσθαι
1004 2185 1246 2266 αὶσχρορρημο-

194 2287 311 2373 σύνας,
335 2297 361 2356 et
384 2292 418 2355 ot
442 2288 599 2367 ἀπαθεῖς,
619 2286 760 2370 μάταιαι
784 2294 819 2354 αἱ
843 2293 934 2355 θεῶν
955 2288 1084 2371 κλήσεις
1106 2293 1247 2370 ἔσονται,

193 2400 410 2486 προσκλήσεις
433 2399 541 2468 αὐτῶν
564 2398 843 2485 έπαμμελλόμεναι
864 2405 920 2467 καὶ
935 2398 1072 2486 μήνιδος
1090 2397 1247 2481 έξιλάσεις
1265 2413 1299 2465 18

263 2629 368 2680 Fontes:
406 2627 466 2695 §.3
493 2627 588 2679 Jnmbl·
609 2626 633 2688 l,
651 2628 675 2678 9.
846 2625 905 2693 Μ.
933 2629 1025 2679 Enseb.
1045 2648 1082 2696 pr.
1101 2647 1137 2678 ev.
1157 2626 1181 2688 5,
1202 2627 1246 2692 l03

267 2716 291 2777 l,
310 2716 362 2767 208
380 2714 455 2765 Heln.

192 2931 262 2986 forte
279 2927 393 3006 petenda
413 2938 455 2983 est
474 2948 551 2984 cansa
570 2920 762 2996 distinctionis,
787 2949 855 3005 quae
872 2940 916 3004 est
933 2932 1002 2986 inter
1020 2929 1074 2997 illa,
1094 2929 1126 2984 ab
1145 2929 1246 3005 agendo

192 3015 318 3094 patiendo
332 3026 359 3071 et
371 3015 562 3082 accidentibus,
583 3036 615 3070 an
628 3036 642 3070 a
654 3017 782 3070 varietate
795 3036 938 3094 corporum
951 3018 1047 3093 quibus
1063 3017 1247 3072 associantur?

193 3102 231 3159 dii
250 3102 383 3178 siquidem
402 3100 520 3157 aetheria
539 3121 667 3179 corpora,
693 3101 836 3157 daemones
855 3105 940 3170 atria,
964 3105 1065 3159 animae
1082 3122 1147 3158 vero
1165 3112 1248 3158 terre·

128 3258 130 3264 Ι
193 3192 257 3246 stria
276 3189 328 3245 sibi
346 3187 445 3246 habent
463 3182 642 3244 subordinate.

155 3277 174 3334 3
264 3275 407 3351 Quomodo
425 3277 506 3352 igitur
518 3274 649 3352 theurgici
662 3275 773 3353 deorum
785 3278 953 3332 terrestrium
970 3284 997 3331 et
1012 3276 1247 3332 subterraneorum

192 3365 375 3420 invocationes
395 3363 543 3428 instituant,
568 3382 627 3418 cum
646 3361 684 3416 dii
703 3382 795 3417 omnes
814 3364 842 3417 in
862 3361 944 3418 caelis
962 3362 1090 3419 duntaxat
1107 3361 1245 3417 habitent?

192 3470 282 3527 porro,
302 3449 436 3525 quomodo
455 3451 507 3504 iam
525 3470 558 3503 ex
576 3451 610 3505 iis
622 3447 668 3503 alii
681 3450 796 3524 aquatici
809 3447 855 3504 alii
867 3450 932 3503 atrii
945 3447 1083 3505 dicentur?
1111 3446 1245 3525 quomodo

192 3534 269 3592 locos
288 3533 333 3590 alii
352 3534 418 3592 alios
438 3537 560 3593 obtinere
579 3536 728 3601 credentur,
748 3554 944 3611 corporumque
961 3538 1102 3613 portiones
1115 3535 1206 3590 sortiri
1219 3543 1246 3588 et

193 3621 301 3698 quidem
320 3623 557 3699 circumscriptive‚
577 3642 637 3681 cnm
655 3621 693 3677 dii
711 3625 859 3699 potentiam
876 3620 991 3679 babeant
1009 3622 1139 3678 infinitam
1151 3620 1247 3676 indivi-

192 3705 299 3763 sibilem
317 3708 631 3785 incomprehensibilem?
658 3707 794 3786 quomodo
812 3709 938 3763 unionem
956 3710 1026 3765 inter
1044 3728 1075 3764 se
1092 3707 1246 3772 tuebuntur,

193 3794 217 3849 si
235 3793 350 3870 partium
369 3794 661 3873 circumscriptionibus
679 3796 805 3874 privatim
823 3794 1049 3862 disterminentnr,
1073 3793 1247 3869 locorumque

193 3889 221 3935 et
239 3896 382 3956 corporum
400 3879 580 3937 subiectorum
599 3882 755 3940 diversitate
773 3883 945 3960 separentur?
1003 3939 1008 3961 ἡ

157 3959 175 4013 4
265 3964 408 4039 Quomodo
426 3965 551 4042 patibiles
569 3967 635 4023 deos
654 3966 771 4045 theologi
789 3967 901 4036 faciunt,
925 3968 1022 4044 quibus
1045 3967 1111 4022 adeo
1130 3976 1249 4022 veretro·

193 4072 252 4108 rum
270 4053 406 4108 erectione
425 4061 451 4107 et
469 4051 633 4129 turpiloquio
652 4052 752 4110 cultum
771 4055 864 4112 dicunt
883 4053 965 4131 aliqui
989 4074 1018 4109 se
1041 4054 1195 4130 praestare?
1222 4062 1249 4109 et

194 4149 266 4194 certe
278 4140 301 4193 si
314 4140 371 4194 sint
382 4136 554 4215 impatibiles,
567 4141 619 4194 iam
632 4159 714 4194 vanae
727 4152 804 4197 erunt
816 4140 928 4198 deorum
940 4143 1133 4207 invocationes,
1151 4138 1249 4195 frustra

195 4226 327 4300 recipiunt
345 4245 375 4281 se
392 4245 475 4302 posse
493 4223 559 4280 deos
573 4225 711 4294 advocare,
731 4247 823 4284 eorum
835 4231 901 4284 iram
913 4212 1027 4305 placere,
1046 4225 1144 4282 frustra
1161 4229 1252 4303 expia-
