2776 4876
267 1013 401 1072 aarum
418 1016 552 1072 vasam
570 1013 683 1074 amno
701 1014 797 1074 ricini.
832 1014 964 1085 venans,
986 1019 1063 1074 rasa
1082 1017 1130 1074 ru.
1229 987 1230 990 ‘

170 1412 350 1488 Manilius
384 1412 534 1490 Ficinus
568 1415 803 1491 Florentinus
841 1414 1150 1492 reverendissimo
1187 1417 1225 1501 in

170 1533 319 1612 Christo
348 1535 444 1635 patri
466 1535 513 1612 D.
537 1537 675 1612 Joanni
697 1535 847 1628 Medici,
877 1547 1025 1613 sanctae
1050 1563 1224 1613 romanas

224 1657 399 1734 ecclesiae
423 1659 599 1735 cardinali
624 1659 837 1759 suppliciter
862 1684 903 1734 se
927 1660 1171 1736 commendat

258 1940 343 2010 Cum
366 1943 535 2030 epistolam
558 1942 600 2008 ad
622 1954 655 2009 te
671 1946 810 2010 scribere
825 1947 1005 2009 statuissem
1027 1947 1060 2008 in
1077 1941 1226 2008 sardinea

171 2054 326 2145 dignitate
349 2078 454 2143 nuper
481 2057 539 2122 tibi
569 2056 686 2123 collata
713 2055 957 2146 gratulatorem,
987 2046 1229 2146 cogitaremque

170 2170 222 2232 cui
243 2169 446 2253 potissimum
469 2191 538 2234 eam
562 2167 669 2236 darem
692 2169 751 2250 tibi
772 2166 979 2247 reddendam,
1010 2171 1065 2256 qui
1090 2191 1227 2259 congra-

170 2277 362 2347 tulationem
384 2292 527 2346 nostram
551 2280 696 2346 efficeret
710 2277 882 2346 admodum
898 2284 1084 2370 gratiorem,
1107 2282 1140 2345 in
1157 2302 1229 2346 aca-

169 2390 304 2456 demiam
326 2414 377 2457 me
400 2393 509 2458 subito
534 2372 666 2472 contuli,
688 2414 823 2480 sperans
847 2396 880 2458 in
904 2395 973 2458 eius
996 2391 1108 2457 saltem
1130 2415 1229 2479 pene·

169 2503 304 2569 tralibus
325 2503 533 2570 salutatorem
548 2503 644 2570 nobis
659 2503 797 2590 aliquem
813 2503 871 2570 tibi
894 2506 1144 2591 acceptissimum
1159 2526 1228 2571 non

169 2614 362 2682 defuturum.
407 2615 473 2681 illic
501 2638 580 2707 ergo
604 2616 712 2681 divina
740 2614 878 2702 quadam
905 2626 995 2682 sorte
1023 2620 1145 2705 primus
1175 2614 1228 2683 oo'

168 2731 267 2795 currit
287 2727 495 2810 lamblichus,
525 2733 610 2794 inter
633 2727 832 2794 academicos
856 2741 1074 2818 cognomento
1098 2712 1226 2825 divinus

168 2849 203 2904 et
215 2862 351 2930 magnus
367 2841 413 2906 ibi
429 2839 588 2907 sacerdos.
628 2845 680 2906 cui
696 2840 834 2928 quidem,
858 2840 955 2921 salve,
979 2844 1117 2928 inquam,
1134 2840 1227 2935 r‹Jam-

167 2950 281 3033 bliche,
304 2952 456 3020 sacerdos
480 2976 603 3043 magne.
649 2958 682 3019 in
705 2958 888 3041 praesentia
912 2959 964 3037 (ut
977 2952 1081 3037 vides)
1104 2956 1226 3021 Joanni

166 3056 302 3144 Medici,
330 3087 418 3131 novo
442 3066 634 3131 christianae
663 3053 830 3156 religionis
859 3069 993 3131 antistiti
1022 3066 1227 3156 congratula-

167 3187 257 3242 turus
281 3199 367 3253 sum;
397 3189 433 3243 tu
456 3200 588 3265 precor,
618 3183 645 3244 si
674 3182 760 3244 iusta
788 3191 880 3264 peto,
912 3177 1224 3267 congratulationem

165 3299 308 3354 nostram
331 3289 472 3377 alioquin
495 3293 643 3370 ieiunam,
666 3291 781 3356 divinis
797 3291 905 3355 verbis
922 3292 1146 3378 mysteriisque
1162 3294 1225 3355 tuis

166 3400 286 3466 efficies
309 3402 497 3487 pleniorem.
544 3406 657 3467 annuit
678 3401 733 3467 ille
757 3404 915 3490 precibus,
939 3412 1036 3489 atque
1059 3403 1119 3466 hac
1134 3401 1175 3467 ad
1191 3414 1224 3468 te

97 3498 99 3506 ⁴
165 3518 333 3593 sententia,
355 3517 501 3579 Joannes
517 3513 668 3578 sacerdos
691 3536 815 3602 magne,
839 3517 928 3578 venit
951 3536 1084 3602 magnus
1103 3514 1159 3579 ille
1175 3538 1224 3580 sa-

164 3624 289 3691 cerdos.
336 3636 372 3692 tu
387 3629 486 3715 igitur
501 3626 709 3692 salutatorem
725 3638 848 3692 tantum
865 3625 968 3690 laetus
984 3629 1102 3712 excipe,
1126 3639 1223 3712 atque

163 3748 239 3822 post
253 3737 369 3803 lectam
387 3739 562 3824 epistolam,
579 3738 658 3823 quid
674 3736 802 3802 divinus
817 3736 872 3801 ille
888 3736 1048 3821 loquatur,
1073 3742 1100 3803 si
1115 3740 1224 3825 placet

163 3854 316 3916 attentius
332 3848 417 3915 audi.
463 3853 611 3936 promisit
634 3853 726 3927 enim,
750 3858 787 3912 ut
801 3871 857 3913 sua
874 3860 994 3935 tuaque
1011 3873 1151 3937 persona
1167 3873 1223 3937 pa·
1308 3850 1312 3855 ’

162 3965 242 4028 riter
265 3963 363 4050 digna
387 3963 517 4042 diceret,
540 3984 575 4027 sc
590 3962 650 4028 tibi
666 3962 828 4042 brevibus,
853 3963 930 4049 quid
945 3964 1098 4050 Aegyptii
1115 3974 1148 4027 et
1164 3965 1222 4027 As-

162 4078 243 4159 syrii
267 4074 454 4141 sacerdotes
478 4074 518 4140 de
542 4074 697 4161 religione
719 4077 882 4162 rebusque
910 4075 1027 4140 divinis
1050 4078 1218 4154 senserint,

162 4207 396 4272 expressurum.
