2776 4876
508 343 653 423 Porphyrii
671 344 794 423 epistola.
1090 361 1177 402 xxxv

211 508 298 593 Περὶ
322 508 357 571 δὲ
373 509 444 571 τῶν
461 508 575 570 αίτίων
589 508 648 584 τῆς
662 507 822 589 μαντικῆς
836 501 1031 590 ἀπορητέον,
1053 510 1080 569 εί
1094 501 1179 583 θεὸς
1197 523 1236 583 m

124 613 147 699 ἢ
170 613 310 702 άγγελος
332 612 354 696 ἢ
377 612 541 702 ὃαίμωνῆ
557 614 712 682 ὁστισοῦν
726 613 865 701 πάρεστι
879 625 953 690 ταῖς
974 620 1180 704 ἐπιφανείαις

89 725 146 810 εῆ
173 731 345 814 μαντείαις
366 725 388 809 ἢ
410 741 483 806 ταῖς
505 727 700 795 ὁποιαισοῦν
721 732 826 813 ἱεραῖς
847 730 1038 813 ἐνεργείαις,
1066 726 1110 806 ὡς
1132 728 1174 795 δι’

122 839 229 927 ὑμῶν
243 839 417 925 ἑλκόμενος
446 837 606 924 ἀνάγκαις
627 850 701 915 ταῖς
721 843 782 918 τῆς
803 835 947 919 κλήσεως
976 843 1081 906 ταῦτα
1110 847 1178 906 ἑπι-

123 955 224 1034 τελεῖς

89 1082 105 1130 o
209 1061 267 1140 Ὡς
288 1062 310 1144 ἡ
332 1060 423 1151 ψυχὴ
452 1066 558 1130 ταῦτα
587 1066 671 1146 λέγει
700 1065 756 1128 καὶ
782 1057 1001 1152 φαντάζεται,
1026 1067 1082 1130 καί
1111 1067 1180 1132 ἔστι
1197 1063 1235 1123 li

124 1171 246 1255 ταύτης
266 1172 366 1256 πάθω]
390 1183 425 1240 ὲκ
446 1179 569 1260 μικρῶν
591 1170 813 1259 αίθυγμάτων
828 1170 1034 1261 ἐγειρόμενος
1056 1173 1100 1253 ὡς
1120 1201 1178 1244 νο-

123 1286 368 1370 μίζουσί-τινες.

89 1412 128 1463 e.
210 1396 269 1476 Ὡς
289 1396 406 1483 μικτόν
429 1423 461 1464 τι
482 1405 608 1482 γίνεται
628 1392 841 1473 ὑποστάσεως
863 1395 949 1474 εἶδος
970 1396 1005 1476 ἐξ
1025 1396 1120 1484 ἡμῶν
1143 1424 1178 1466 τε
1197 1401 1235 1462 18

125 1511 187 1590 τῆς
206 1512 318 1601 ψυχῆς
338 1513 396 1576 καὶ
417 1507 543 1588 ἔξωθεν
566 1512 666 1586 θείας
689 1510 877 1591 ὲπιπνοίαςς
1150 1516 1153 1521 ’

210 1619 266 1700 Ὡς
281 1621 303 1704 ἡ
318 1615 407 1710 ψυχὴ
423 1624 524 1706 γεννά
539 1618 679 1707 δύναμιν
691 1614 920 1710 φανταστικὴν
929 1625 991 1686 τοῦ
1000 1625 1180 1705 μέλλοντος
1197 1632 1236 1691 19

73 1742 108 1793 12
126 1727 182 1798 διά
205 1731 361 1801 τοιούτων
382 1730 580 1820 κινημάτων,
602 1727 680 1813 ἢτά
695 1727 930 1820 προσαγόμενα
946 1726 1013 1799 άπὸ
1028 1736 1087 1815 τῆς
1101 1732 1180 1817 ὕλης

124 1842 285 1936 ὑφίστησι
298 1845 354 1911 διὰ
368 1847 435 1912 τῶν
446 1848 589 1911 ὲνουοῶν
601 1840 771 1929 δυνάμεων
782 1845 952 1930 δαίμονας,
967 1848 1023 1911 καὶ
1034 1843 1180 1931 μάλιστα

126 1954 147 2036 ἡ
171 1952 239 2023 ἀπὸ
261 1960 327 2024 τῶν
349 1954 439 2037 ζώων
462 1959 664 2040 είλημμένης-

75 2083 107 2132 15
210 2064 282 2135 Ὅτι
294 2064 381 2135 κατά
396 2063 472 2145 τούς
483 2064 606 2144 ὕπνους
616 2069 719 2152 μηδὲν
729 2065 1061 2154 πραγματευσάμενοι
1076 2075 1179 2139 ἐνίοτε
1196 2073 1237 2134 20

127 2184 174 2264 τῷ
188 2183 343 2264 μέλλοντι
358 2177 587 2266 ὲπιβάλλομευ,
609 2182 665 2245 καὶ
679 2174 1010 2266 πραγματευσάμενοι
1023 2181 1181 2263 πολλάκις

128 2291 188 2359 οὐκ
210 2289 440 2378 ἐπιβάλλομεν.
551 2317 556 2329 ·

197 2564 304 2616 Fontes:
359 2560 664 2631 §16.Jamn1.3,18.
875 2559 900 2629 ξ
912 2561 953 2614 17.
980 2565 1073 2616 Jambl.
1092 2564 1118 2629 3,
1137 2568 1180 2619 2⁰.

200 2649 223 2718 ς.
236 2650 277 2702 18.
295 2651 390 2702 samar.
401 2651 428 2714 3,
438 2651 480 2702 21.
553 2647 578 2716 ς.
590 2647 631 2700 ιε.
649 2649 742 2700 eamn.
753 2649 778 2709 3,
789 2646 832 2700 τε.
903 2647 980 2716 §.aa
997 2651 1180 2716 sumerset.

198 2938 306 3012 Quaero
325 2940 405 2993 etiam
423 2958 516 2994 causas
535 2940 662 3004 vaticinii,
681 2958 715 2993 an
733 2938 800 2994 deus
818 2948 864 2993 sut
881 2937 989 3015 angelus
1008 2949 1053 2994 aut
1069 2940 1182 2998 daemon
1201 2938 1239 2999 16

129 3035 175 3082 aut
192 3024 289 3101 aliquis
307 3022 369 3080 talis
387 3043 516 3101 praesens
540 3027 576 3080 sit
600 3027 628 3080 in
651 3023 802 3102 epiphaniis
826 3034 854 3080 et
875 3027 1010 3081 vaticiniis
1030 3029 1182 3084 antistius

128 3111 201 3168 modi
220 3113 305 3167 sacris
323 3111 537 3188 operationibus,
560 3120 712 3187 pertractus
731 3110 840 3186 quidem
862 3131 877 3166 ε
900 3110 978 3167 vobis
996 3112 1182 3171 sacerdotibus

129 3209 156 3255 et
172 3200 335 3254 necessitate
352 3198 531 3253 invocationis
550 3196 584 3252 ad
602 3218 633 3253 ea
651 3196 810 3273 praestanda
829 3196 978 3252 deductus?

198 3287 241 3341 An
260 3283 328 3339 forte
347 3287 432 3340 anima
450 3294 543 3339 nostra
561 3285 589 3339 vi
607 3303 656 3338 sua
673 3284 833 3339 vaticinatur
851 3293 878 3338 et
896 3285 1078 3361 apparitiones
1094 3287 1183 3362 imagi·
1201 3282 1239 3344 Π

128 3381 214 3438 natur,
237 3381 268 3426 ut
286 3373 338 3427 ista
356 3373 445 3427 omnia
463 3368 536 3426 aliud
553 3368 622 3425 nihil
639 3372 694 3425 sint
712 3371 765 3425 nisi
783 3371 870 3447 ipsius
894 3369 1024 3446 quaedam
1039 3374 1182 3448 passiones

128 3478 162 3514 ex
180 3455 469 3513 latentibus-scintillis
488 3455 603 3512 subinde
621 3457 782 3512 suscitatae?
1156 3495 1160 3501 -

198 3543 242 3599 An
259 3543 329 3599 forte
346 3543 413 3599 baec
424 3543 514 3598 omnia
529 3541 629 3598 efficiat
640 3545 721 3598 mixta
735 3539 865 3617 quaedam
877 3539 1056 3619 hypostaseos
1067 3547 1181 3622 specics,
1202 3548 1240 3608 18

127 3631 226 3706 partim
242 3631 330 3684 anima
347 3637 440 3682 nostra
456 3630 554 3705 partim
572 3626 663 3684 divina
680 3628 857 3705 inspiratione
875 3630 1021 3684 constans?
1113 3670 1116 3675 -
1174 3651 1178 3677 2

198 3715 242 3771 An
256 3726 289 3772 et
306 3714 358 3770 hoc
376 3712 527 3781 dicendum,
547 3712 621 3789 quod
639 3717 724 3770 anima
742 3722 835 3766 nostra
854 3732 887 3768 cx
898 3714 1053 3771 istiusmodi
1065 3718 1182 3774 motibus
1201 3718 1241 3779 19

121 3792 156 3857 ¹et
175 3799 301 3856 scintillis
320 3802 374 3856 vim
392 3809 500 3875 generet
517 3798 667 3855 futurorum
684 3799 842 3876 praesciam,
861 3818 894 3853 an
907 3819 936 3854 ea
948 3820 1017 3876 quae
1029 3823 1062 3860 ax
1074 3808 1183 3861 materia
1203 3848 1206 3855 .
1224 3830 1231 3859 ·,

128 3887 305 3943 desumuntur
326 3887 482 3955 (materiam
504 3884 566 3940 dico
588 3887 733 3962 praecipue
755 3905 823 3960 quae
846 3883 928 3941 fuerit
945 3888 1115 3958 animalium)
1134 3911 1185 3969 per

129 3972 258 4049 quasdam
277 3972 344 4027 inibi
362 3969 477 4027 latentes
496 3972 569 4027 vires
587 3972 752 4026 constituant
769 3970 929 4029 daemonas?

198 4057 249 4115 His
260 4056 412 4114 addendum
425 4056 499 4133 quod
511 4055 654 4132 aliquando
666 4076 717 4135 per
728 4059 854 4134 quietem,
866 4060 946 4137 nobis
957 4060 1025 4116 nibil
1036 4062 1183 4138 agentibus,
1201 4064 1241 4123 20

127 4144 211 4202 futuri
228 4144 372 4201 obiiciatur
387 4144 578 4223 praecognitio,
597 4162 677 4220 quam
688 4154 777 4201 tamen
788 4165 883 4221 magno
896 4149 1003 4222 negotio
1016 4147 1184 4206 elaborantes
1225 4190 1229 4196 -

128 4251 210 4310 saepe
227 4250 283 4288 nou
299 4229 419 4289 valemus
437 4231 554 4306 assequi.
1044 4264 1048 4271 ι
1071 4258 1074 4275 ι
1112 4266 1133 4273 --

1005 4341 1037 4392 c}
