2776 4876
202 345 257 400 248
1202 337 1256 401 nr

205 504 423 585 συνεχομένης
444 496 562 577 τῆς“ὲν
584 500 629 580 τῷ
651 498 752 562 παντὶ
780 491 1033 580 διακοσμήσεως.
1080 490 1136 558 διά
1158 492 1258 558 τοῦτο

204 609 269 697 γάρ
291 615 379 694 μένει
407 612 467 695 μὲν
497 615 532 674 ὲν
553 605 644 687 τάξει
672 602 714 672 τά
743 609 803 672 τοῦ
830 600 955 682 παντός
980 600 1099 692 μόρια,
1128 599 1259 683 διότιὴ

204 715 418 806 ἀγαθοποιός
445 723 506 787 τοῦ
531 717 693 808 Ὀσίριδος
721 714 858 800 δύναμις
886 713 972 799 ἁγνὴ
1000 718 1058 782 καὶ
1093 709 1294 802 άχραντοςε

203 835 301 916 μίυει,
322 834 379 898 καὶ
401 830 442 897 οὐ
458 834 677 916 συμμίγνυται
690 825 774 914 πρός
787 823 849 907 τὴν
864 830 1017 892 ἐναντίαν
1031 827 1261 910 πλημμέλειαν

204 945 260 1009 καὶ
280 938 437 1031 ταραχήν,
465 947 554 1027 μένει
576 943 689 1007 δὲκαὶ
713 938 732 1019 ἡ
755 941 821 1004 τῶν
842 933 929 1004 ὅλων
951 933 1016 1017 ζωὴ
1041 932 1183 1024 καθαρά
1204 939 1263 1001 καί

205 1049 435 1143 ἀδιάφθορος,
465 1048 575 1133 ἐπειδὴ
604 1047 648 1116 τά
678 1046 857 1138 άπόκρυφα
886 1045 1035 1132 ζωογόνα
1057 1049 1124 1112 τῶν
1151 1042 1296 1129 λόγωνη

204 1159 309 1245 κάλλη
339 1167 397 1244 τῆς
420 1160 541 1240 Ἴσιδος
577 1161 617 1230 ού
645 1158 789 1227 κάτεισιν
819 1166 863 1236 είς
897 1155 937 1224 τό
966 1153 1170 1247 φαινόμενον
1202 1159 1261 1222 καί

205 1271 372 1363 ὁρώμενον
394 1276 498 1358 σῶμα.
544 1271 684 1353 ἀκίνητα
706 1273 741 1337 δὲ
754 1271 904 1336 ’διατελεῖ
918 1266 1030 1335 πάντα
1046 1271 1103 1333 καὶ
1118 1266 1261 1350 ἀειγενῆ,

205 1382 289 1451 διότι
317 1383 470 1451 οὐδέποτε
497 1388 631 1449 ίσταται
660 1382 678 1448 ὁ
707 1384 768 1448 τού
796 1379 892 1462 ἡλίου
920 1375 1059 1467 δρόμος·
1087 1381 1195 1444 τέλεια
1225 1379 1297 1447 (iis

204 1498 262 1562 καὶ
284 1493 450 1582 ὁλόκληρα
472 1497 617 1579 διαμένει
632 1491 751 1572 πάντα,
774 1486 884 1571 ἐπειδὴ
901 1484 942 1556 τά
957 1496 993 1555 ἐν
1009 1485 1135 1573 Ἀβύδῳ
1150 1484 1261 1575 ἀπόρ-

205 1629 291 1694 ρητα
313 1605 467 1672 οὐδέποτε
490 1602 768 1671 ἀποκαλύπτεται·
794 1600 843 1680 οἷς
866 1593 926 1668 οὖν
939 1603 1003 1686 ἔχει
1018 1596 1078 1680 τὴν
1094 1601 1263 1685 σωτηρίαν

204 1712 247 1780 τά
270 1712 333 1781 ὅλα
355 1719 452 1801 (λέγω
476 1718 510 1783 δὲ
533 1722 568 1782 ἐν
590 1719 636 1799 τῷ
650 1711 693 1780 τό
708 1711 881 1801 ἀπόρρητα
897 1716 1100 1800 κεκρυμμένα
1115 1707 1168 1775 ἀεὶ
1187 1711 1261 1774 δια·
1281 1723 1314 1775 12

205 1829 384 1914 τηρεῖσθαι
410 1829 466 1891 καὶ
495 1831 530 1892 ἐν
550 1829 597 1908 τῷ
618 1821 680 1904 τὴν
701 1820 897 1913 ἄφθεγκτον
925 1825 991 1888 τῶν
1018 1823 1113 1887 θεῶν
1142 1818 1262 1886 ούσίαν

204 1939 367 2024 μηδέποτε
401 1940 461 2017 τῆς
493 1940 645 2012 ἐναντίας
677 1931 944 2020 μεταλαμβάνειν
971 1935 1126 2021 μοίρας),
1159 1934 1261 1998 τούτο

207 2045 278 2113 οὐδ’
298 2043 373 2135 άχρι
401 2052 514 2137 φωνῆς
544 2043 681 2112 ἀνεκτόν
711 2051 778 2111 ἐστι
807 2055 877 2121 τοῖς
904 2047 1078 2134 περιγείοις
1106 2044 1263 2128 δαίμοσιν
1282 2063 1314 2112 15

197 2132 378 2225 λπακούειν
402 2157 445 2236 ὡς
467 2154 575 2234 άλλως
597 2160 671 2242 ἕχον
695 2152 715 2235 ἢ
736 2157 881 2241 βέβηλον
902 2152 1104 2240 γιγνόμενον,
1127 2157 1183 2220 καὶ
1206 2149 1263 2219 διά

277 2428 303 2478 2.
330 2425 391 2496 μὲν]
411 2426 446 2478 sic
458 2426 515 2490 Ac,
535 2447 586 2479 om.
607 2426 639 2477 0.
749 2426 774 2475 ³.
798 2417 950 2493 Ὀσίριδος]
970 2419 985 2473 ὃ
1003 2421 1055 2492 γάρ
1070 2416 1173 2492 Ὄσιρις
1192 2415 1263 2488 αἶγα-

276 2509 402 2572 θοπυιός.
432 2512 497 2564 Plut.
516 2514 548 2564 de
565 2513 589 2563 J.
609 2526 632 2562 ct
651 2509 684 2562 0.
703 2509 746 2561 42.
867 2510 892 2558 7.
921 2505 1097 2577 φαινόμενον]
1117 2505 1263 2578 φερόμενον

277 2595 349 2669 Tayl.
439 2601 464 2650 8.
491 2594 601 2668 άειγενεῖ
619 2597 650 2650 Β.
751 2597 775 2647 9.
802 2594 878 2645 τέλεα
899 2591 977 2643 ACD.
1075 2595 1118 2646 10.
1140 2587 1262 2658 Ἀβύδῳ]

276 2679 383 2747 άβύσσω
404 2687 424 2734 Α
443 2698 562 2752 utsupra
582 2685 606 2746 6,
625 2686 649 2746 6,
677 2679 765 2746 ἀδύτῳ
790 2679 854 2730 Gale
871 2692 924 2730 not.
942 2693 966 2730 et
984 2678 1057 2750 Tayl.
1150 2679 1191 2729 12.
1219 2697 1264 2728 κε-

277 2771 425 2837 κρυμμένος
444 2777 474 2832 Α,
504 2771 676 2842 κεκρυμμένος
695 2767 724 2818 C.
816 2766 856 2816 14.
883 2761 1109 2834 μεταλαμβάνειν]
1128 2763 1165 2814 sic
1183 2762 1263 2823 ecl),

278 2853 489 2920 καταλαμβάνειν
508 2855 541 2905 0.

207 3077 263 3134 illis
280 3079 363 3133 totius
382 3078 475 3134 mnndi
493 3079 560 3135 ordo
577 3082 721 3158 praecipue
743 3081 920 3135 contincatur.
967 3078 1037 3134 hanc
1060 3080 1130 3136 enim
1148 3078 1184 3133 ob
1202 3098 1265 3134 cau·

207 3183 264 3221 sam
282 3163 373 3220 munuli
390 3173 481 3241 partes
499 3167 528 3219 in
546 3164 640 3221 ordine
657 3174 821 3242 permanent,
845 3164 919 3239 quod
935 3163 1056 3220 benclica
1075 3163 1195 3220 Osiridis
1215 3184 1264 3241 po-

207 3260 292 3306 testas
310 3253 414 3306 sincera
431 3261 570 3327 permanet
589 3261 616 3306 ct
638 3254 806 3328 incorrupta,
830 3270 917 3326 neque
940 3252 1074 3306 contrario
1097 3249 1215 3305 tumultu
1237 3260 1266 3306 et

207 3355 298 3392 errore
314 3337 503 3412 permiscetur,
527 3347 666 3414 permanet
683 3340 794 3414 insuper
812 3339 929 3392 omnium
946 3338 1001 3392 vita
1018 3354 1085 3412 pura
1107 3344 1133 3390 et
1149 3355 1260 3412 semper

206 3424 372 3499 incorrupta,
397 3430 528 3497 qnatenus
550 3423 673 3478 vivificae
695 3421 881 3497 formosaeque
898 3424 1029 3487 rationes,
1053 3442 1121 3496 quae
1142 3423 1170 3476 in
1187 3420 1264 3477 lsirle

205 3509 358 3564 reconditae
376 3517 452 3576 sunt,
476 3527 530 3562 non
549 3507 715 3564 descendunt
736 3511 764 3563 in
786 3507 839 3563 hoc
861 3511 962 3564 nostris
985 3508 1110 3564 sensibus
1133 3505 1264 3562 familiare

207 3611 313 3668 corpus.
362 3612 444 3669 porro
463 3603 620 3670 permanent
637 3596 725 3650 omnia
743 3592 889 3649 immobilia
908 3604 935 3649 et
952 3603 1098 3670 perpetuae
1115 3595 1265 3668 generatio·

206 3678 249 3732 nis
267 3681 439 3735 successione
456 3690 575 3746 aeterna,
599 3689 729 3756 quatenus
748 3699 882 3754 nunqnam
904 3679 1049 3756 impeditur
1067 3677 1134 3734 solis
1153 3698 1265 3735 eursusz

207 3760 304 3817 deinde
322 3763 440 3838 perlecta
459 3775 486 3821 et
503 3768 605 3842 integra
617 3775 775 3843 permanent
787 3768 883 3833 omnia,
903 3763 1029 3841 quamdiu
1041 3767 1150 3840 quaein
1163 3764 1264 3840 Abydo

207 3846 345 3903 recondita
364 3860 427 3904 sunt
445 3871 579 3927 nunquam
598 3854 757 3929 aperiantur.
806 3852 834 3906 in
853 3850 950 3926 quibus
963 3853 1044 3927 igitur
1056 3850 1128 3906 salus
1141 3851 1265 3906 universi

206 3936 333 3991 consistit
350 3937 489 4004 (consistit
506 3948 594 3994 autem
612 3941 640 3992 in
657 3958 699 4005 eo,
718 3947 748 3993 ut
760 3957 828 4013 quae
840 3956 934 3993 arcana
947 3947 1010 3992 sunt
1021 3956 1127 4014 semper
1138 3945 1267 3992 maneant

206 4020 371 4087 abscondita,
385 4028 412 4075 et
420 4025 600 4078 secretissima
611 4023 721 4079 deorum
730 4025 847 4079 essentia
855 4042 990 4099 nunquam
999 4025 1159 4079 contrariam
1168 4023 1268 4079 subeat

207 4108 319 4175 sortem)
337 4104 405 4162 haee
423 4107 532 4181 inquam
549 4111 648 4163 terreni
667 4109 819 4178 daemones,
838 4129 887 4166 nec
906 4109 940 4165 ad
957 4129 1053 4166 vocem
1070 4129 1156 4183 nsque
1174 4118 1203 4164 et
1222 4129 1268 4164 au·

208 4188 292 4248 ditum
310 4194 445 4249 sustinent
463 4191 540 4249 aliter
559 4191 629 4249 affici
647 4196 790 4271 verbisque
807 4194 950 4272 profanari,
969 4204 996 4251 et
1014 4205 1156 4272 propterea
1169 4195 1268 4253 adver·
