2776 4876
209 338 261 391 17⁰
1190 335 1265 401 3,28

208 494 274 559 τῶν
297 490 520 577 ἀπεργασίαν·
543 494 600 557 καὶ
622 486 662 570 δὴ
684 493 740 557 καὶ
756 492 964 558 είδωλοποιία
978 485 1102 577 μοῖράν
1117 512 1193 555 τινα
1207 515 1264 576 χε-

211 598 401 688 νεσιουρχόν
424 600 481 667 ἀπ’
501 600 609 669 αὐτῶν
631 605 714 668 ἕλκει
735 606 811 668 λίαν
834 597 994 689 ἀμυδράν.
1354 692 1357 693 V

290 711 413 798 Ὥσπερ
437 705 496 780 οὖν
518 717 581 798 ἐ’χει
604 707 641 778 τὸ
664 712 806 794 ἀληθές,
836 708 921 778 οὕτω
951 713 1001 777 δεῖ
1027 714 1084 778 καὶ
1113 709 1299 801 άποφαί-3

208 829 339 905 νεσθαι,
362 822 413 891 ὅτι
435 819 475 903 δὴ
498 823 615 901 αὐταῖς
636 828 697 909 μὲν
718 835 791 901 ταῖς
813 832 1009 914 περιφοραῖς
1031 818 1142 902 ἢταῖς
1156 822 1265 911 ὑπαρ-
1316 811 1319 815 ’

205 933 343 1023 χουσαις
371 941 405 1001 ἐν
438 934 556 1010 αὐταῖς
589 933 765 1020 δυνάμεσιν
793 930 814 1016 ἢ
843 945 918 1013 ταῖς
945 929 1031 1000 κατά
1060 932 1161 1024 φύσιν
1189 936 1265 1023 περὶ

209 1043 294 1114 αὐτά
325 1047 547 1134 ἐνιδρυμέναις
576 1044 650 1112 οὔτε
676 1050 798 1131 χρῆται
827 1042 1049 1124 είδωλοποιός,
1079 1040 1159 1112 οὔθ’
1179 1042 1300 1124 dioga

209 1155 349 1234 δυνατός
371 1165 460 1223 ἐστιν
482 1156 590 1223 αὐτῶν
613 1155 843 1247 ἐφάπτεσθαι·
872 1167 946 1234 ταῖς
968 1158 1002 1222 δὲ
1025 1152 1094 1222 ἀπὸ
1116 1161 1175 1236 τῆς
1197 1154 1263 1248 φύ-

209 1291 289 1346 σεως
312 1267 420 1335 αὐτῶν
443 1266 596 1353 ἐσχάταις
624 1266 865 1354 ἀπορρεούσαις
894 1275 929 1334 ἐν
951 1271 998 1353 τῷ
1026 1271 1160 1357 φανερῷ
1187 1271 1264 1356 περὶ

209 1376 247 1446 τὰ
278 1383 465 1447 τελευταῖον
492 1385 592 1469 μέρος
621 1383 681 1446 τοῦ
708 1374 833 1458 παντὸς
855 1381 1005 1465 τεχνικῶς
1031 1383 1300 1470 προσφίρεταηε

209 1488 281 1556 ἀλλ’
304 1488 344 1556 οὐ
360 1493 569 1580 θεουρχικῶς.
615 1483 714 1558 αὗται
728 1489 801 1578 χάρ,
824 1490 925 1575 οἶμαι,
947 1494 1002 1556 καὶ
1017 1485 1078 1570 τὴν
1099 1487 1184 1557 κατά
1206 1495 1263 1576 μέ·

208 1626 266 1687 ρος
281 1598 364 1682 ὕλην
379 1599 640 1688 συμμιχνύμεναι
654 1598 737 1691 πρὸς
751 1600 856 1682 αὐτὴν
871 1600 1030 1670 δύνανται
1043 1600 1264 1687 μεταβάλλειν

208 1736 242 1777 τε
265 1717 321 1780 καὶ
342 1714 636 1798 μετασχηματίζειν
659 1718 714 1780 καὶ
737 1711 976 1798 μεταπλάττειν
999 1708 1116 1779 ἄλλοτε
1138 1707 1262 1788 άλλως·
1284 1729 1318 1782 12

209 1828 266 1890 καὶ
289 1820 330 1903 δὴ
360 1827 416 1890 καὶ
443 1821 628 1908 μετάθεσιν
657 1823 714 1890 ἀπ’
735 1822 844 1891 ἄλλων
873 1833 918 1903 είς
945 1821 1032 1891 ἄλλα
1060 1825 1265 1910 ἐπιδέχονται

208 1938 274 1999 τῶν
296 1941 330 2002 εν
346 1947 416 2011 τοῖς
430 1931 515 2000 κατά
530 1941 629 2021 μέρος
644 1932 829 2021 δυνάμεων·
854 1936 875 2018 ἡ
892 1939 926 2003 δὲ
941 1934 1077 2016 τοιαύτη
1100 1937 1164 1999 τῶν
1179 1941 1263 2022 ἐνερ-

208 2049 304 2129 χειῶν
326 2048 471 2111 ποικιλία
485 2050 542 2112 καὶ
557 2050 623 2112 τῶν
637 2049 769 2113 πολλῶν
782 2046 903 2114 attacta
918 2045 1088 2132 δυνάμεων
1104 2042 1263 2122 σύνθεσις
1284 2071 1316 2121 15

209 2154 249 2222 οὐ
271 2153 382 2241 μόνως
403 2161 504 2234 θείας
527 2160 742 2243 δημιουργίας
764 2164 810 2242 τῷ
833 2163 932 2224 παντὶ
953 2154 1154 2242 κεχώρισται,
1176 2151 1263 2221 ἀλλὰ

209 2270 266 2333 καὶ
288 2270 347 2348 τῆς
369 2273 509 2359 φυσικῆς
532 2268 752 2356 ἀπεργασίας·
782 2274 839 2335 καὶ
866 2265 975 2357 χάρη
1005 2264 1103 2355 φύσις
1122 2264 1264 2356 ἀθρόοις

211 2381 267 2444 καὶ
289 2375 361 2464 άμα
383 2391 470 2446 ποιεῖ
492 2377 534 2445 τά
558 2386 661 2446 οἰκεῖα
684 2383 772 2465 ἕρχα,
795 2381 917 2457 ἁπλαῖς
939 2403 973 2444 τε
988 2381 1045 2444 καὶ
1060 2377 1264 2454 άσυνθέτοις
1284 2401 1317 2452 18

280 2611 305 2663 l.
317 2613 342 2662 5.
369 2595 579 2682 ἔνυπαρχοὺσαις
598 2612 678 2664 ACD.
752 2614 793 2664 13.
822 2614 866 2663 uui
884 2625 941 2680 post
958 2607 1006 2677 δὴ]
1025 2608 1061 2660 εἰο
1079 2608 1133 2670 AC,
1159 2629 1210 2661 om.
1230 2609 1264 2660 Ο.

282 2698 324 2749 16.
350 2694 449 2765 μόνοις]
478 2697 511 2749 sio
529 2717 614 2763 margo
632 2699 665 2760 B,
692 2697 763 2757 ὅπως
782 2699 815 2750 0.
954 2697 996 2747 18.
1023 2693 1101 2766 ἕρχα]
1128 2694 1165 2745 sic
1185 2694 1264 2757 ecl),

280 2785 344 2851 ἔργα
362 2785 406 2833 καὶ
425 2784 459 2834 Ο.

210 2989 357 3043 manicant:
376 2986 447 3042 unde
459 2990 554 3066 etipsa
564 2988 718 3067 idolopoeia
729 2993 881 3068 portionem
893 2987 1008 3064 aliquam
1020 2988 1162 3066 genitalem
1174 3008 1265 3065 quam-

209 3077 252 3131 vis
271 3076 391 3149 exiguam
409 3082 488 3149 atque
507 3073 623 3132 debilem
640 3078 673 3133 ab
693 3077 838 3134 influxibus
858 3074 1018 3132 caelestibus
1036 3074 1132 3132 haurit.

280 3159 511 3234 Quemadmodum
528 3163 609 3238 igitur
626 3166 725 3220 veritas
744 3184 774 3219 se
791 3160 880 3231 habet,
898 3166 935 3218 ita
954 3172 1061 3240 oportet
1077 3163 1263 3240 pronunciare.

209 3268 263 3303 nou
281 3249 365 3302 utitur
382 3245 516 3303 idolorum
540 3247 629 3325 opifex
651 3249 810 3307 caelestibus
829 3251 898 3326 ipsis
921 3250 1038 3307 motibus
1061 3270 1111 3307 uec
1133 3250 1263 3326 potentiis

210 3354 277 3409 quae
295 3335 324 3388 in
342 3335 376 3388 iis
395 3343 459 3389 sunt
475 3354 525 3390 nec
543 3335 646 3390 viribus
670 3357 737 3413 quae
759 3335 915 3392 naturaliter
936 3335 1079 3392 fraudantur
1097 3338 1167 3392 circa
1189 3336 1264 3390 vires

188 3419 353 3489 caelestes,
378 3419 494 3476 seduco
515 3430 608 3497 potest
630 3441 675 3476 eas
693 3424 834 3498 attingere3
858 3422 907 3478 sed
930 3431 1074 3512 occupatur
1097 3423 1166 3478 circa
1189 3423 1264 3477 vires

209 3506 338 3581 quasdam
361 3527 429 3582 quae
451 3507 484 3563 ab
508 3505 617 3562 illorum
639 3517 732 3563 natura
755 3507 864 3564 ultimae
885 3508 1054 3565 defluxerunt
1071 3511 1099 3565 in
1117 3517 1211 3585 aperto
1230 3506 1265 3563 ad

209 3591 328 3646 infimam
345 3592 437 3648 mundi
460 3603 576 3671 partem,
601 3604 629 3649 et
651 3593 759 3669 quidem
781 3594 927 3651 artificiose
948 3615 1003 3651 non
1025 3595 1169 3672 theurgica.
1213 3593 1266 3650 hae

210 3695 275 3731 sane
292 3675 402 3734 ultimae
419 3681 492 3736 vires
510 3682 647 3736 materiam
664 3680 861 3758 particularem,
879 3685 977 3739 sicum
989 3703 1020 3739 ea
1032 3684 1264 3750 commisceantur,

209 3771 326 3840 possunt
342 3766 416 3820 varie
434 3775 610 3823 transmutare
627 3768 816 3844 transfigurare
833 3768 1036 3835 transformare3
1054 3771 1135 3824 immo
1153 3788 1218 3824 vero
1237 3777 1266 3823 et

209 3850 433 3923 transpositiones
457 3853 490 3908 ab
513 3852 573 3910 aliis
592 3857 620 3910 in
638 3853 689 3910 alia
708 3857 859 3932 suscipiunt
881 3857 1061 3932 potentiarum
1083 3874 1173 3912 earum
1197 3874 1265 3929 quae

209 3931 415 4014 particularibus
433 3939 537 4005 insunt3
560 3943 668 3997 iuterim
686 3940 838 3998 huiusmodi
857 3945 1043 4019 operationum
1060 3943 1175 3998 varietas
1198 3938 1266 3994 mul-

208 4031 349 4096 tarumque
366 4023 545 4096 potentiarum
563 4026 740 4084 materialium
757 4027 860 4106 farrago
882 4027 963 4104 longe
985 4028 1129 4105 degenerat
1151 4047 1206 4082 uon
1223 4047 1266 4082 so-

210 4105 266 4164 lum
284 4108 317 4163 ab
336 4106 444 4185 opificio
464 4106 563 4178 divino,
583 4112 631 4168 sed
650 4113 682 4168 ab
702 4115 842 4171 effectione
860 4125 982 4172 naturae:
1005 4125 1097 4171 natura
1121 4116 1192 4170 euim
1210 4133 1264 4169 uno

210 4192 290 4249 simul
308 4205 401 4252 tenore
419 4204 446 4250 et
464 4193 547 4250 semel
565 4216 613 4255 sua
632 4218 713 4275 opera
732 4199 822 4268 efficit,
842 4199 1064 4280 simplicibusque
1083 4211 1110 4257 et
1127 4203 1265 4276 incompo-
