2776 4876
165 331 217 396 r‚2
1199 328 1216 392 5

161 492 327 572 ἑπομένως
350 487 463 567 αὐτοῖς
491 502 640 557 ποιεῖται.
686 486 750 572 ἤδη
778 493 814 556 δέ
845 516 920 558 τινα
946 496 1003 559 καὶ
1031 492 1089 559 ἀπ’
1107 489 1217 560 ἀλλων

161 599 221 664 oris
236 597 337 678 ἀξίων
352 596 453 684 λόγου
467 601 686 687 δοξασμάτων
701 605 872 693 ἐφέλκιταί
887 626 961 669 τινα
975 602 1107 693 ἀπριιιῆ
1121 608 1215 690 διαμ-

123 728 140 780 ³
161 707 380 799 φισβήτησιν,
407 708 450 777 τά
473 712 503 779 δ’
522 711 590 781 ἀπὸ
612 717 679 781 τῶν
700 718 819 780 κοινῶν
839 712 1037 804 maliosus
1058 716 1214 804 nup’oiu»

160 806 313 908 θρώποις
335 820 498 911 ὥρμηται·
532 822 620 892 αὐτά
642 850 677 892 τι
700 817 759 892 οὖν
781 825 865 891 καθ’
883 822 985 892 ἑαυτά
1007 833 1128 895 ἕκαστα
1146 851 1216 894 ποι

161 935 259 1010 κίλως
272 932 440 1015 διάκειται,
462 939 520 1002 καὶ
540 932 624 1024 πρός
646 932 776 1018 άλληλα
790 939 969 1015 πολυειδῶς
982 935 1215 1023 συνήρμοσται,

122 1041 248 1111 σόθεν
270 1040 311 1127 δὴ
333 1042 388 1112 διό
410 1044 523 1113 πάντα
545 1051 649 1114 ταῦτα
672 1046 773 1133 λόγου
801 1044 890 1126 τινός
912 1054 1003 1115 ἐστιν
1023 1051 1134 1130 ἐπιδεῆ
1156 1052 1216 1116 τοῦ

159 1155 427 1236 κατευθύνοντος
448 1154 534 1225 αότά
556 1158 797 1248 προσηκόντως.
1127 1235 1137 1256 ⁸

246 1267 362 1353 Ἡμεῖς
384 1261 444 1336 οὖν
466 1274 540 1355 πιρὶ
563 1266 605 1336 τά
631 1273 690 1355 μὲν
712 1271 891 1356 Ἀσσυρίων
912 1269 1034 1357 πάτρια
1062 1269 1251 1359 δόγματα2

121 1388 140 1440 9
160 1376 401 1467 παραδόσομίν
423 1403 477 1447 σοι
498 1380 568 1467 μετ’
588 1380 757 1468 ἀκριβείας
778 1388 834 1449 καὶ
862 1381 1028 1463 ἀληθείας
1048 1383 1110 1464 τὴν
1130 1383 1213 1469 γνά·

158 1515 234 1575 μην,
245 1488 296 1557 τά
312 1494 347 1558 δὲ
364 1491 505 1580 ἡμέτερά
520 1514 574 1560 σοι
591 1495 709 1584 σαφῶς
722 1492 994 1583 ἀποκαλόψομιν,
1015 1491 1056 1561 τά
1070 1499 1130 1581 μὲν
1145 1493 1213 1562 ἀπὸ

158 1607 224 1670 τάν
245 1603 393 1694 ἀρχαίων
414 1603 558 1690 ἀπείρου
572 1601 775 1692 γραμμάτων
790 1603 1062 1692 ἀναλογιζόμενοι
1075 1612 1114 1696 τῇ
1128 1605 1212 1692 γνό-

104 1729 141 1780 12
159 1736 217 1793 σει,
245 1711 287 1781 τά
310 1714 340 1782 δ’
359 1714 421 1806 ἀφ’
441 1707 487 1782 ὧν
507 1712 646 1804 ὕστερον
662 1723 707 1794 ιλς
721 1725 967 1802 πεπερασμένον
981 1719 1114 1802 βιβλίον
1136 1741 1212 1785 συν-

158 1823 286 1911 ήγαγον
308 1831 339 1894 οἱ
361 1829 499 1896 παλαιοί
521 1824 582 1909 τὴν
604 1826 686 1908 ὅλην
707 1832 782 1916 περὶ
804 1833 869 1894 τῶν
893 1832 996 1895 θείων
1018 1829 1153 1911 εἴδησιν.

249 1936 444 2031 Φιλόσοφον
466 1939 496 2005 δ’
516 1939 546 2007 εί
565 1964 595 2005 τι
619 1936 818 2029 προβάλλεις
840 1938 1002 2027 ἐρώτημα,
1024 1943 1211 2030 διακρινοῦ-

106 2069 139 2120 15
156 2054 218 2134 μέν
254 2073 306 2117 σοι
341 2053 398 2117 καὶ
432 2054 530 2118 τοῦτο
558 2046 644 2117 κατά
671 2045 732 2128 τάς
757 2050 879 2138 Ἑρμοῦ
906 2046 1052 2130 παλαιάς
1079 2050 1212 2134 στήλας,

229 2236 291 2288 3.1.
315 2231 464 2307 ἀνθρώπων
482 2238 514 2290 Β.
587 2239 611 2291 ό.
638 2238 725 2290 ταῦτα
743 2236 831 2289 πάντα
849 2237 879 2289 B.
952 2238 977 2289 8.
1005 2235 1076 2307 περὶ]
1094 2237 1129 2289 sic
1147 2236 1211 2289 Gale

229 2335 290 2382 not..
301 2342 353 2373 om.
366 2322 398 2376 0.
416 2317 430 2391 ΙΙ
445 2318 676 2394 ἀσνρίιινΛΒΟΙ).
698 2317 711 2392 ΙΙ
731 2320 842 2394 πάτρια]
853 2324 945 2392 πρῶτον
955 2323 1040 2376 Fesch.
1111 2324 1136 2375 9.
1157 2345 1211 2376 ποι-

228 2405 382 2478 ραόόσιιμιν
394 2406 426 2461 Β.
447 2401 460 2475 ΙΙ
481 2403 614 2480 ἀκριβείας
632 2408 688 2476 καί]
706 2408 741 2461 sie
759 2409 847 2460 Fesch.
865 2429 915 2461 om.
934 2410 967 2462 0.
1060 2411 1100 2463 1⁰.
1128 2408 1163 2478 τῷ
1180 2402 1209 2462 ’δ’

226 2491 352 2565 ἡμίπερσν
375 2491 406 2546 Β.
431 2487 444 2562 ΙΙ
468 2495 531 2548 sorte
557 2497 688 2562 legendum
714 2496 751 2548 τά
773 2497 801 2548 δὲ
828 2493 878 2548 τῶν
903 2493 1033 2566 ἡμιτίρυν
1055 2515 1100 2548 σοι
1121 2493 1210 2565 σοφῦν

227 2579 291 2632 Gale
308 2594 361 2631 not.
470 2583 512 2634 12.
530 2576 594 2651 ἀφ’]
607 2576 649 2651 ἐφ’
674 2583 704 2634 Α.
726 2575 738 2650 ΙΙ
759 2585 784 2633 ἰν
807 2585 992 2654 πεπερασμένῳ
1015 2585 1102 2649 βιβλίῳ
1121 2581 1210 2634 Fesoh.

237 2660 250 2734 ΙΙ
269 2664 415 2734 βιβλίωνῦ.
489 2668 531 2719 13.
559 2664 629 2734 περὶ]
647 2669 723 2738 παρὰ
743 2667 795 2729 AC,
812 2668 889 2738 παρά
905 2665 981 2735 (corr.
994 2689 1031 2738 pr.
1046 2689 1079 2721 m.
1093 2664 1164 2738 περὶ)
1177 2669 1209 2719 D.
1302 2668 1304 2672 ’

228 2754 270 2806 11.
293 2751 437 2823 φιλόσοφοι
455 2752 483 2805 C.
509 2746 522 2821 ΙΙ
547 2756 571 2804 εί
586 2750 624 2818 τι]
647 2759 713 2807 εἴποι
730 2755 761 2805 D.
784 2748 797 2822 ΙΙ
818 2751 964 2824 προβόλλης
983 2757 1013 2815 Α,
1036 2755 1211 2825 παραβάλλεις

227 2836 308 2903 (corr.
326 2859 364 2908 pr.
383 2859 416 2888 m.
436 2837 605 2909 προβάλλεις)
629 2840 662 2890 1).
771 2842 814 2893 15.
837 2837 934 2911 Ἑρμοῦ
961 2842 1076 2901 παλαιάς
1093 2838 1208 2908 στήλας]

226 2923 349 2978 Hermetis
367 2925 496 2977 columnus
518 2925 544 2976 in
565 2925 750 2977 Panchseorum
769 2925 848 2978 insula
867 2926 952 2978 obvius
974 2928 1070 2996 primur
1088 2942 1209 2980 memoret

225 3010 353 3064 Diodorus
367 3010 466 3064 Siculus
486 3013 523 3075 (5,
536 3013 590 3076 46),
609 3013 737 3064 columnas
755 3012 781 3064 in
800 3013 925 3066 Seriadica
943 3028 1006 3065 terre
1023 3014 1079 3065 siras
1096 3013 1208 3066 Pseudo·

226 3098 346 3149 Manetho
364 3099 430 3167 apud
448 3097 601 3169 Syueeiium.
620 3101 644 3160 1,
662 3101 695 3151 72
714 3099 793 3150 Dind.

154 3268 218 3314 sunt
236 3278 303 3333 quae
321 3259 354 3313 ab
372 3256 432 3313 aliis
452 3259 650 3336 opinationibus
668 3259 784 3336 indignis
803 3258 910 3334 quidem
933 3267 1138 3314 commemoratu
1156 3268 1207 3314 tra-

154 3343 222 3399 hunt
239 3354 304 3421 post
321 3364 351 3400 se
369 3344 537 3401 inhonestum
555 3344 794 3410 addubitntionem,
814 3344 864 3401 alio
878 3365 985 3421 quoque
996 3365 1011 3400 e
1023 3344 1205 3401 communibus

154 3428 226 3507 apud
242 3426 364 3486 homines
383 3430 555 3508 opinionibus
574 3441 663 3488 ortum
679 3442 793 3489 sumunt.
830 3429 932 3508 singula
950 3432 1083 3505 igiturex
1101 3428 1144 3487 his
1156 3451 1206 3508 per

155 3536 187 3572 se
204 3517 286 3572 variis
311 3516 399 3572 modis
422 3537 452 3572 se
475 3516 587 3587 hubent,
610 3520 732 3594 interque
755 3539 786 3573 ιε
808 3516 904 3574 colluto
925 3515 1122 3572 multiformiter
1145 3536 1206 3574 eou-

154 3612 305 3659 nectuntur:
334 3623 416 3678 quare
439 3601 488 3658 Ιιιι
512 3623 605 3659 omnes
631 3605 666 3660 ob
689 3623 781 3660 musas
803 3601 923 3677 indigent
944 3605 1064 3658 oratione
1086 3623 1153 3680 quoe
1174 3622 1206 3659 eu

154 3690 205 3744 rite
223 3688 319 3765 diriget
336 3688 503 3764 ordinetque.

223 3773 280 3830 Nos
303 3777 394 3850 itaque
417 3773 452 3830 de
475 3777 646 3851 Assyriorum
669 3777 764 3854 patriis
786 3773 902 3830 decretis
924 3783 1017 3830 exacte
1042 3784 1071 3831 et
1090 3773 1242 3832 ,candido2

153 3860 293 3918 trudemus·
308 3861 357 3916 sibi
375 3862 536 3938 opinionem,
558 3871 730 3938 nostrumque
746 3862 903 3917 senientiam
921 3859 1021 3916 diserte
1038 3861 1088 3918 tibi
1105 3860 1205 3918 revela·

155 3949 259 4014 bimus3
282 3950 319 4003 its
342 3958 372 4003 ut
395 3947 525 4024 quaedum
547 3946 702 4024 colligemus
724 3945 897 4024 intelligentia
922 3968 955 4004 ex
976 3949 1122 4004 innumeris
1139 3949 1204 4003 anti·

152 4054 267 4111 quorum
284 4035 402 4112 scriptis,
421 4032 473 4090 ulia
490 4042 577 4090 autem
593 4054 627 4090 ex
644 4036 679 4090 iis
697 4033 793 4110 quibus
810 4045 904 4113 postes
920 4044 1005 4092 totam
1021 4034 1056 4092 de
1073 4033 1154 4090 rebus
1164 4033 1204 4090 di·

153 4123 224 4178 vinis
238 4123 381 4178 scientiam
398 4131 505 4178 veteres
523 4123 551 4178 in
568 4140 650 4178 unum
668 4131 769 4179 eertum
786 4121 885 4181 librum
902 4141 1066 4200 congessere.
1171 4148 1174 4154 ·

224 4207 257 4264 Si
274 4208 347 4285 quod
364 4218 452 4266 autem
469 4205 686 4287 philosophicum
702 4206 812 4268 dubio·
823 4229 969 4288 proponas,
985 4205 1053 4264 illud
1068 4207 1147 4265 erim
1158 4206 1204 4265 ds·
