2776 4876
192 379 291 422 mln
566 361 617 418 Tb.
637 360 715 418 Galei
732 361 869 442 praelatio.

280 527 411 590 Praeter
432 522 672 589 emendationes
688 520 871 589 Gallicanas
893 520 1023 586 adhibui
1039 542 1169 607 quoque
1184 523 1247 586 Ba-

191 638 345 702 silienses.
391 637 446 700 bas
469 636 542 699 mibi
565 633 802 699 officiosissime
817 636 991 719 impertivit
1005 632 1169 697 literarum
1185 655 1245 719 po-

190 749 332 814 litiorum
353 769 501 834 magnum
525 746 624 811 decus
640 745 850 811 Sebastianus
867 746 1027 824 Fescbins‚
1052 766 1169 829 easque
1185 766 1245 809 suo

192 883 229 924 ex
244 858 355 924 codice
370 881 466 923 manu
481 881 537 923 sua
553 859 764 944 pulcherrime
780 856 957 942 descriptas
973 866 1157 942 opportune
1170 857 1246 921 sub·

190 974 387 1035 ministravit.
432 974 465 1035 iu
483 970 607 1034 Fescbii
629 971 796 1033 amicitiam
811 991 862 1033 me
876 967 1003 1032 induxit
1016 970 1163 1033 Joannes
1179 970 1246 1032 Ro-

190 1080 329 1167 dolpbns
341 1083 556 1161 Wetstenius,
581 1080 668 1166 apud
689 1102 767 1144 suos
784 1079 977 1145 Basilienses
993 1083 1155 1144 oratoriae
1170 1100 1245 1166 pro-

189 1193 293 1258 fessor
316 1191 460 1272 celebris,
491 1193 683 1277 adiutorque
708 1193 766 1256 luit
788 1196 821 1257 in
844 1191 1037 1257 lectionibus
1059 1193 1245 1257 Fescbianis

190 1303 396 1393 colligendis;
421 1327 457 1369 ex
480 1307 528 1370 bis
550 1308 650 1392 igitur
672 1303 824 1389 quicquid
846 1303 993 1368 utilitatis
1016 1306 1053 1369 L.
1069 1302 1108 1369 C.
1131 1324 1244 1389 perce-

189 1419 282 1502 peris,
307 1416 423 1502 quibus
446 1416 564 1482 debeas
586 1436 710 1480 mecum
733 1417 913 1503 cognoscis,
937 1418 1019 1480 etsi
1043 1426 1155 1504 gratus
1172 1419 1244 1494 eris,

189 1549 355 1615 agnosces.

277 1641 348 1704 Nisi
370 1638 491 1704 tardius
520 1641 676 1725 opinione
697 1641 932 1723 processissent
961 1640 1022 1702 ista
1052 1660 1135 1724 quae
1157 1659 1244 1703 nuuc

189 1750 272 1829 dedi,
294 1750 386 1815 simul
411 1754 561 1816 exiissent
579 1751 704 1835 reliqna
722 1750 853 1815 huiusce
868 1748 1038 1814 Jamblichi
1056 1771 1164 1835 opera.
1205 1772 1243 1814 ca

188 1861 275 1947 apud
298 1884 348 1926 me
370 1867 485 1948 partim
507 1872 678 1941 recantata,
700 1866 816 1948 partim
841 1883 878 1926 ex
899 1865 1035 1926 vetustis
1051 1862 1242 1926 membranis

188 1996 275 2038 nunc
297 1973 421 2039 demum
445 1975 617 2062 descripta,
647 1997 687 2039 eo
711 1973 825 2039 ordine
848 1976 882 2037 in
910 1973 1074 2059 publicum
1102 1977 1243 2053 venient,

188 2108 254 2171 quo
278 2087 318 2151 ab
341 2098 473 2152 auctore
488 2088 578 2153 fuere
594 2087 727 2174 digesta.
773 2085 813 2149 de
830 2084 965 2170 epistola
982 2108 1074 2172 quam
1090 2088 1242 2171 praemisi

187 2199 410 2285 Porphyriana
432 2201 494 2265 boc
523 2211 645 2266 tantum
675 2197 790 2263 dicam:
818 2197 978 2262 Eusebius
1003 2195 1242 2277 Theodoretus‚

188 2307 224 2375 S.
247 2311 447 2398 Augustinus
470 2335 585 2401 magna
615 2334 652 2377 ex
681 2321 774 2397 parte
799 2332 867 2373 earn
890 2320 1137 2386 conservarunt;
1168 2309 1242 2373 reli-

186 2424 276 2508 quias
299 2423 386 2488 unde
408 2423 499 2489 licuit
522 2426 712 2510 conquisivi.
757 2425 825 2486 scio
854 2444 905 2486 me
928 2443 995 2487 non
1018 2423 1241 2508 Porphyrium,

186 2534 243 2599 sed
259 2535 436 2622 Absyrtum
460 2548 515 2600 aut
529 2535 744 2621 Hippolytum
767 2533 905 2618 aliquem
929 2535 987 2598 tibi
1001 2553 1136 2619 ponere.
1184 2533 1242 2598 sed

185 2667 247 2711 nec
268 2646 368 2711 multa
391 2648 503 2713 deesse
525 2647 684 2724 videntur,
707 2658 741 2711 et
762 2657 898 2732 propter
920 2655 1049 2710 truncas
1064 2667 1158 2710 nares
1173 2666 1240 2710 nou

186 2760 341 2822 continuo
357 2781 452 2823 omne
466 2763 604 2845 pretium
620 2761 756 2844 antiquis
772 2762 885 2822 statuis
901 2757 1060 2821 adimitur.
1097 2757 1138 2822 de
1153 2762 1240 2822 notis

185 2871 305 2933 nostris
327 2891 394 2935 non
417 2870 512 2936 valde
534 2869 703 2958 magnifice
725 2872 841 2935 sentio.
888 2869 1111 2937 tumultuarias
1134 2879 1167 2933 et
1186 2894 1243 2954 χυ-

140 3042 143 3046 ,
186 2979 283 3056 salae
312 3003 382 3046 esse
411 2982 512 3059 dices;
550 2985 639 3067 quasi
668 3003 729 3047 nos
759 2981 926 3046 manifesta
956 2984 1052 3046 simus
1081 2986 1239 3069 negaturi.

185 3095 408 3178 interpretatio
432 3104 537 3158 antem
561 3093 667 3158 adbuc
687 3097 792 3159 minus
807 3095 972 3181 probatur.
1019 3115 1096 3158 sane
1112 3091 1240 3157 cicadae

185 3208 219 3270 in
247 3227 327 3294 agro
357 3210 513 3272 Locrensi
540 3217 673 3293 argutae
702 3218 793 3285 sunt,
829 3207 960 3270 eaedem
988 3215 1183 3283 mutescunt,
1213 3211 1242 3270 si

185 3318 358 3390 transferas
382 3319 467 3384 ultra
489 3317 658 3382 fluviolum
673 3323 706 3383 in
721 3320 861 3383 Latium:
886 3323 931 3382 ita
952 3340 989 3382 ex
1005 3322 1130 3406 graecis
1145 3318 1240 3384 bonis

184 3429 268 3494 fiunt
283 3431 473 3517 plerumque
488 3430 588 3495 latina
602 3452 670 3494 non
686 3430 782 3495 bona.
815 3431 891 3494 mihi
907 3443 1012 3496 autem
1027 3454 1099 3494 cum
1114 3434 1241 3519 graecis

183 3542 274 3606 malis
296 3565 348 3608 res
372 3553 452 3619 erat;
483 3546 617 3607 accessit
639 3543 679 3607 ad
701 3541 941 3622 difficultatem,
970 3546 1120 3607 materiae
1143 3543 1241 3608 subli-

184 3656 284 3733 mitas,
313 3664 345 3719 et
370 3655 529 3742 quaedam
557 3659 591 3720 in
619 3655 784 3723 vocabulis
815 3658 1000 3741 compositis
1030 3659 1240 3736 contumacia,

185 3769 322 3850 quaein
344 3766 443 3832 latina
466 3772 614 3834 oratione
638 3771 698 3833 nisi
722 3767 848 3834 divulsa
872 3778 904 3832 et
917 3769 1038 3833 hiantia
1052 3789 1239 3853 comparere

185 3888 359 3963 nequeunt.
404 3901 522 3946 summa
547 3890 617 3945 estz.
635 3894 768 3966 expecto
793 3880 920 3947 codices
936 3881 1095 3961 meliores,
1119 3890 1152 3945 et
1167 3878 1239 3946 ded-

186 4012 282 4076 τερον
303 3990 419 4070 πλοῦν,
442 4001 475 4055 et
496 4012 557 4076 pro
580 3991 676 4057 laude
699 3997 834 4059 veniam.

624 4218 823 4228 -———..-
