2776 4876
565 350 696 408 haedde
714 351 836 408 editoris.
1192 366 1227 407 ix

174 513 275 578 dicem
299 512 340 577 ad
362 511 524 577 saeculum
545 535 596 576 xri
619 512 741 577 referre
762 511 900 577 videtur.
945 521 1074 576 constat
1094 512 1227 577 fascicu-

173 626 212 691 lis
236 627 427 712 quintarum,
456 628 489 689 in
512 624 578 689 lina
601 638 650 689 ast
678 625 830 689 duernus.
875 626 1009 710 paginae
1039 624 1228 710 plerumque

174 748 250 803 sunt
277 760 426 802 versuum
450 738 509 812 3⁰;
536 740 569 800 in
597 735 762 802 nonnullis
790 739 917 825 paginis
940 739 1000 815 29,
1029 741 1062 801 in
1092 736 1161 801 aliis
1184 739 1228 803 32

174 872 286 915 versus
316 846 525 935 deprehendi.
576 851 754 934 scripturae
781 851 857 913 satis
886 848 1007 913 nitidae
1040 848 1230 934 compendia

176 984 247 1027 cum
271 961 581 1026 vindobonensibus
610 960 678 1024 fere
708 964 928 1025 consentiunt:
960 954 1041 1035 osor
1063 972 1096 1025 et
1118 959 1231 1039 dimo}

174 1095 234 1159 pro
257 1068 440 1159 ἅνθρωπος
462 1084 495 1137 et
518 1069 740 1153 ἀνθρώπινος,
764 1069 872 1148 (iffi
895 1083 928 1136 et
951 1069 1069 1146 offic}
1090 1095 1151 1158 pro
1174 1072 1230 1138 οὐ·

174 1179 276 1268 parde
298 1194 331 1248 et
354 1181 516 1269 οὐράνιος,
537 1187 600 1270 πῙς
621 1205 683 1269 pro
706 1179 847 1268 πατρός,
880 1187 929 1261 θξ
950 1207 1011 1270 pro
1033 1180 1125 1261 θεός,
1154 1187 1231 1270 σ-ριᾶ

175 1317 237 1383 pro
260 1298 416 1381 σωτηρία.
460 1299 703 1384 interpungitur
730 1299 859 1382 punctis
882 1305 916 1359 et
937 1295 1070 1383 virgulis
1094 1298 1231 1363 fortuito

175 1411 271 1496 magis
295 1431 389 1493 quam
413 1407 624 1473 considerate.
671 1421 707 1474 ut
721 1412 754 1474 in
770 1409 923 1473 Leidensi
938 1417 971 1472 et
982 1408 1232 1475 vindobonensi

175 1524 219 1585 ita
248 1524 282 1584 in
305 1519 460 1584 Gothano
489 1525 557 1585 iota
586 1504 802 1606 subscriptum
824 1540 898 1584 raro
922 1522 1092 1598 invenitur,
1122 1547 1134 1585 ι
1158 1532 1191 1586 et
1213 1546 1233 1587 o

176 1653 242 1697 uno
265 1631 318 1696 vel
343 1631 471 1697 duobus
493 1634 655 1718 punctulis
678 1634 889 1717 superpositis
905 1642 1070 1697 notantur.
1115 1632 1191 1722 inde
1214 1655 1233 1697 a

177 1742 265 1810 lolio.
281 1746 319 1808 21
352 1745 500 1809 Jacobsii
530 1767 642 1810 manus
671 1745 824 1810 editionis
848 1743 1044 1808 Oronieusis
1072 1748 1233 1811 sectiones

178 1868 210 1921 et
233 1859 337 1941 capita
359 1861 496 1944 margini
519 1855 698 1943 adscripsit.
743 1856 826 1922 idem
847 1858 896 1919 vir
912 1854 1028 1920 doctus
1052 1856 1092 1921 ad
1115 1856 1234 1922 calcem

177 1968 307 2033 Achillis
332 1971 415 2034 Tatii
439 1975 491 2055 (p.
511 1972 599 2034 1⁰10
624 1980 657 2035 et
680 1971 797 2050 1⁰22),
827 1990 854 2033 a.
880 1968 964 2032 1821
989 1989 1007 2031 a
1030 1990 1067 2033 se
1088 1968 1167 2034 editi
1189 1969 1234 2035 le·

176 2083 301 2145 ctiones
324 2081 497 2146 nonnullas
522 2081 642 2147 codicis
666 2084 771 2148 nostri
793 2079 954 2168 vulgavit;

263 2190 397 2262 Fesoh.
414 2222 458 2251 =
474 2193 576 2258 codex
598 2195 785 2259 Basiliensis
807 2193 1002 2257 Faschianus
1025 2201 1058 2255 et

264 2303 360 2394 Reg.
383 2305 436 2370 vel
457 2304 542 2374 Par.
558 2335 603 2362 =
618 2306 746 2372 codices
761 2307 904 2383 Parisini,
927 2326 1062 2391 quorum
1077 2303 1235 2371 lectiones

179 2441 197 2483 a
221 2416 317 2483 Galei
340 2423 426 2483 notis
451 2418 621 2503 desumpsi.
659 2418 700 2481 cl.
723 2416 819 2482 Galei
842 2416 1084 2502 praefationem.

266 2529 358 2599 0=
375 2530 475 2595 editio
499 2530 709 2608 Oroniensis,
738 2531 887 2616 pn'nceps
911 2539 943 2593 et
965 2551 1066 2615 usque
1089 2528 1236 2594 adhunc

180 2642 263 2707 diem
287 2646 390 2722 unica,
413 2666 432 2707 a
457 2644 580 2707 Thoma
595 2640 701 2706 Galen
726 2663 812 2706 anno
836 2642 923 2707 1678
946 2645 1033 2728 typis
1056 2640 1214 2706 mandata.

266 2752 375 2844 Tayl
391 2783 436 2812 =
452 2754 651 2819 Jamblichus
674 2776 717 2819 on
734 2754 787 2819 the
803 2754 977 2840 Mysteries
994 2802 1043 2819 ...
1060 2753 1237 2818 translated

181 2868 262 2933 from
281 2869 335 2934 the
348 2867 457 2933 Greek
477 2868 522 2954 hy
540 2867 680 2932 Thomas
693 2866 827 2953 Taylor.
851 2865 1026 2932 Chiswick.
1051 2868 1146 2932 1821.
1170 2868 1235 2933 Θνό.

268 3202 429 3269 Codicum
452 3225 549 3267 manu
572 3206 764 3288 scriptorum
793 3200 875 3266 duae
900 3201 1016 3265 classes
1039 3207 1238 3268 constituen-

180 3315 240 3380 dae
264 3327 349 3394 sunt‚
379 3338 511 3400 quarum
535 3314 649 3392 altera,
679 3315 902 3378 Florentinum
925 3316 995 3395 (A)
1019 3325 1052 3378 et
1073 3316 1237 3380 Parisinus

182 3426 408 3513 complectens,
430 3426 601 3490 Jamblichi
624 3426 739 3490 librum
764 3447 804 3490 eo
828 3447 895 3510 quo
918 3448 1005 3491 nunc
1026 3425 1162 3515 legimus
1185 3451 1239 3494 or-

181 3539 255 3603 dine
280 3539 415 3615 exhibet,
438 3537 537 3602 altera
562 3562 579 3602 a
603 3538 767 3603 codicibus
789 3536 881 3604 BCD
906 3549 939 3602 et
960 3540 1138 3605 Feschiano
1162 3563 1238 3608 con-
1323 3591 1327 3603 .

180 3662 275 3730 stans,
299 3652 385 3716 hunc
408 3652 553 3715 ordinem
575 3654 738 3736 pervertit,
761 3650 824 3715 hoc
846 3649 959 3714 modo:
1081 3637 1083 3640 ⁵

271 3761 408 3844 1)1,1
456 3799 499 3811 -
543 3761 711 3841 Zimed.
