2776 4876
153 345 225 408 ΜΟ
1175 339 1210 394 96

236 493 276 562 Ὃ
298 498 333 563 δὲ
354 497 415 563 νῦν
437 499 546 581 λέγοις,
570 495 613 574 ὡς
634 493 746 562 κοινόν
768 502 836 561 ἐστι
852 490 890 561 τὸ
906 498 966 576 τῆς
982 496 1209 573 ιίθοιλοιτοιία.Ί

152 611 208 676 καὶ
223 612 284 690 τῆς
296 610 569 695 περιαυτολογίας
584 609 676 674 θεῶν
690 611 747 674 καί
761 602 929 690 δαιμόνων
943 609 1000 673 καί
1012 608 1076 672 τῶν
1090 601 1208 686 άλλων,

118 732 134 784 ³
152 716 317 810 σνμφάριι
337 714 449 785 πάντα
472 715 514 784 τά
539 721 602 786 τῶν
617 716 809 809 κρειττόνων
824 722 901 802 γένη
917 724 952 785 ἐν
967 714 1131 796 ἀλληλοις,
1152 721 1208 783 καὶ

152 830 224 898 οὐδ’
244 830 398 913 ἡντινοῦν
420 827 529 896 αὐτῶν
558 829 729 897 άπολιίπιι
756 825 924 920 διαφοράν
951 824 1034 917 πρὸς
1063 822 1208 909 άλληλα·

152 944 245 1009 ίσται
266 937 330 1028 γάρ
354 939 467 1017 αὐτοῖς
489 937 576 1007 οὕτω
591 939 686 1007 κοινά
700 938 820 1020 πάντα,
842 943 899 1006 καὶ
915 938 1010 1006 οὐδὲν
1029 950 1098 1016 τοῖς
1112 937 1208 1026 ὑπερ-

118 1057 283 1139 σίχοοσιν
305 1048 561 1132 ἀποδοθήσεται
583 1049 758 1139 ἐξαίρετον.
804 1054 908 1118 ἐ’νεστι
937 1053 972 1117 δὲ
994 1041 1054 1118 οὖν
1081 1054 1137 1116 καὶ
1160 1052 1208 1116 δι-

152 1160 327 1252 καιότερον
347 1158 432 1251 πρός
454 1183 491 1229 σε
514 1161 708 1247 ἀντιλέγειν,
736 1166 769 1229 τί
792 1159 833 1243 δὴ
856 1153 915 1230 οὖν
944 1164 1036 1228 ἔσται
1062 1170 1209 1248 κρεῖττον

153 1267 192 1340 τὸ
220 1276 286 1340 τῶν
312 1275 404 1340 θεῶν
432 1278 526 1357 γένος
553 1268 646 1361 παρά
675 1272 713 1340 τὰ
741 1277 807 1341 τῶν
836 1269 1019 1357 ὃαιμόνωνς
1049 1271 1121 1339 ἀλλ’
1141 1267 1213 1339 οὔτ’

120 1386 217 1471 θίγοι
243 1380 420 1465 κοινότητα
448 1385 554 1451 ταῦτα
583 1379 625 1449 τά
653 1389 743 1466 γένη,
778 1379 853 1452 οὔτε
882 1379 1090 1476 φανταστική
1119 1390 1207 1451 ἐστιν

152 1489 246 1575 αὕτη,
261 1490 335 1562 οὔτε
351 1492 418 1561 άπὸ
434 1497 499 1561 τῶν
514 1497 707 1562 τελευταίων
721 1498 778 1562 καὶ
793 1501 828 1560 ἐν
845 1504 913 1572 τοῖς
928 1491 1078 1581 ἐσχάτοις
1088 1517 1208 1561 πταισ-

151 1602 268 1689 μάτων
289 1600 332 1672 τά
353 1611 469 1694 πρῶτα
489 1608 547 1673 καὶ
575 1612 610 1672 ἐν
633 1614 703 1683 τοῖς
723 1602 864 1696 πρώτοις
886 1604 1005 1688 ἀληθῆ
1032 1603 1208 1673 άποινπά-

104 1727 136 1779 12
152 1741 244 1802 ματα
266 1715 535 1802 ἀναλογίζεσθαι
563 1712 729 1804 προσήκει.
778 1713 883 1795 οὕτως
909 1712 953 1782 άν
974 1741 1023 1795 τις
1050 1719 1106 1783 καὶ
1134 1721 1209 1804 περὶ

153 1824 277 1895 τούτων
300 1824 446 1910 δοξάζων
462 1824 615 1914 τυγχάνοι
630 1829 690 1894 τοῦ
702 1825 929 1917 προσήκοντος
944 1830 1000 1894 καὶ
1015 1836 1085 1906 τοῖς
1100 1830 1209 1906 θείοις

152 1943 393 2026 κεχαρισμένον.

104 2073 136 2124 ιο
247 2044 298 2115 Τά
321 2047 351 2115 θ’
370 2046 489 2139 ἐφεξῆς
510 2056 545 2116 ἐν
568 2047 618 2128 οἷς
645 2046 706 2131 τὴν
732 2055 805 2139 περὶ
830 2047 953 2118 τούτων
982 2032 1123 2135 άγιίοιαν
1151 2053 1208 2119 καὶ
1227 2057 1263 2115 ll

153 2157 294 2240 ἀπάτην,
309 2158 544 2249 άνοσιοοργίαν
558 2165 615 2228 καὶ
631 2160 850 2250 ἀκαθαρσίαν
868 2158 1050 2247 νενόμικας,
1071 2167 1208 2250 προτρέ-
1231 2150 1252 2222 ’1

153 2294 224 2349 ποις
245 2295 279 2337 τι
301 2270 390 2358 ἡμᾶς
412 2275 466 2340 ἐπὶ
487 2267 548 2352 την
570 2270 688 2354 άληθῆ
709 2276 784 2361 περὶ
799 2270 907 2341 αὐτῶν
927 2271 1123 2360 παράδοσιν,
1145 2276 1209 2359 ἔχει

227 2436 250 2485 1.
277 2432 309 2486 τὸ
328 2430 494 2485 amanen.
567 2434 592 2486 2.
620 2436 665 2486 καλ
682 2430 913 2503 τῆς-δαιμόνων
932 2436 1028 2486 στιλλ.
1102 2435 1125 2486 3.
1153 2429 1207 2498 τά]

224 2518 258 2570 sic
277 2518 358 2583 acl),
375 2538 425 2571 om.
445 2519 478 2570 0.
567 2519 592 2571 6.
619 2521 722 2573 tutem
740 2518 793 2571 Ac.
883 2521 908 2573 8.
937 2517 1027 2590 παρά]
1046 2521 1108 2589 περί
1125 2518 1206 2572 acl).

235 2599 248 2673 ΙΙ
259 2602 304 2671 τὸ]
322 2603 356 2656 sic
370 2603 429 2668 AC,
447 2603 474 2655 in
492 2623 568 2670 marg.
586 2605 660 2656 habet
678 2605 711 2667 1),
729 2624 780 2656 om.
799 2604 832 2658 0.
959 2605 1057 2657 10.11.
1085 2603 1207 2673 πεισμά-

224 2709 276 2743 τοκ
290 2691 321 2744 Α.
376 2690 416 2743 11.
435 2688 637 2761 κεχαρισμένου]
651 2689 685 2743 sic
696 2690 775 2752 ACD‚
788 2696 973 2762 κτχαρισμίκον
983 2692 1016 2744 0.
1071 2691 1112 2744 16.
1131 2685 1207 2743 άπά-

223 2773 285 2844 την]
305 2769 412 2842 άγάπην
429 2774 509 2856 Bul).
531 2770 544 2844 ΙΙ
564 2770 763 2847 άνοσιονργίαν]
782 2775 816 2828 sie
834 2777 890 2839 AD,
909 2779 954 2829 καί
966 2771 1153 2848 άνοσιοοργίακ
1173 2778 1206 2829 0.

223 2919 306 2995 Quod
322 2922 404 2997 igitur
421 2920 491 2977 dicis
509 2941 649 2979 commune
671 2942 732 2978 esse
755 2921 807 2978 diis
830 2920 1003 2978 daemonibus
1026 2921 1139 2999 aliisque
1164 2942 1208 2978 sn·

152 3008 233 3085 peris,
251 3007 324 3062 idola
342 3006 445 3082 fingere
462 3017 490 3063 et
507 3009 647 3084 magnifiee
665 3028 695 3064 se
712 3007 860 3076 venditare,
880 3008 1019 3065 confundit
1036 3012 1124 3066 omnia
1137 3011 1208 3065 inter

152 3113 183 3149 se
200 3094 338 3170 superiora
356 3112 459 3170 genera,
478 3093 631 3170 nullamque
648 3095 779 3171 reliquum
790 3092 854 3150 facit
866 3097 936 3151 inter
948 3116 980 3150 ea
992 3094 1205 3151 distinctionem:

152 3179 203 3234 hoe
222 3181 292 3235 euim
311 3189 390 3256 pacto
409 3183 498 3237 omnia
516 3190 594 3237 erunt
612 3184 683 3238 inter
705 3201 735 3236 ea
754 3182 915 3245 eommunia,
938 3179 1058 3255 nihilque
1081 3181 1207 3235 eximium

152 3265 302 3321 servabitur
320 3268 560 3341 praestantioribus
578 3287 643 3344 prae
661 3267 766 3322 ceteris.
815 3285 896 3321 unum
915 3275 957 3321 est
973 3267 1055 3339 igitur
1073 3264 1146 3341 quod
1167 3266 1206 3321 iu·

152 3353 220 3406 etius
238 3351 288 3406 tibi
306 3355 407 3429 opponi
424 3356 522 3432 possit,
541 3373 593 3429 qua
611 3352 720 3408 tandem
737 3352 766 3406 in
782 3371 820 3418 re,
840 3353 864 3406 si
883 3372 945 3407 vem
958 3353 994 3407 sit
1006 3361 1051 3407 tua
1064 3352 1207 3418 sententia,

150 3439 330 3513 praestantior
348 3440 399 3492 crit
416 3449 509 3494 natura
528 3439 616 3495 diviua
636 3457 714 3514 quam
737 3437 906 3493 daemonica?
953 3437 1003 3494 sed
1025 3456 1117 3494 revera
1140 3436 1207 3492 haee

150 3541 246 3598 genera
265 3541 319 3576 non
337 3525 499 3580 conveniunt
517 3527 588 3580 inter
606 3545 649 3592 se,
669 3544 756 3599 neque
774 3526 868 3598 siqua
887 3533 930 3580 est
948 3524 1146 3590 convenientia,
1164 3531 1207 3578 est

150 3628 181 3663 eu
200 3609 229 3660 in
246 3605 327 3661 modo
345 3609 490 3684 apparendi
502 3609 679 3687 phantastico,
698 3629 785 3685 neque
798 3608 876 3665 decet
887 3610 974 3685 prima
986 3630 1020 3665 ex
1031 3610 1132 3666 ultimis
1145 3629 1207 3665 con·

149 3694 259 3757 lecture,
283 3709 372 3766 neque
388 3712 422 3748 ex
440 3695 595 3751 conditione
613 3714 665 3771 qua
684 3695 833 3751 deteriores
858 3703 885 3749 et
907 3704 1026 3750 errantes
1049 3715 1080 3751 se
1102 3705 1206 3772 gerunt,

149 3787 274 3855 reputare
296 3775 404 3832 modum
426 3798 481 3853 qno
499 3781 653 3856 superiores
671 3782 743 3836 veris
761 3778 855 3834 formis
872 3780 986 3834 unimam
998 3781 1110 3855 signant.
1156 3781 1206 3837 hac

149 3863 218 3919 forte
236 3864 339 3918 ratione
358 3861 391 3918 de
409 3861 453 3919 his
470 3867 630 3922 sententiam
647 3863 735 3921 ferens
754 3863 859 3939 aliquis,
879 3873 906 3920 et
923 3863 1001 3941 digna
1021 3865 1074 3923 diis
1092 3877 1121 3923 et
1132 3877 1205 3942 grata

150 3952 254 4005 sentiat.

219 4034 313 4112 Pergis
331 4055 412 4113 porro
432 4046 459 4092 et
476 4054 608 4113 provocas
627 4054 677 4091 nos
700 4034 735 4090 ad
756 4033 905 4112 pleniorem
926 4039 1111 4114 verioremque
1136 4039 1205 4091 cirea
1225 4036 1260 4094 ll

149 4120 238 4177 (lirina
256 4120 472 4198 explicationem,
491 4130 518 4176 et
537 4141 632 4178 censes
649 4123 825 4198 ignorantiam
836 4142 1009 4199 erroremque
1021 4125 1049 4178 in
1062 4120 1104 4176 his
1118 4123 1205 4177 omnis

150 4208 294 4282 impictatis
312 4216 340 4262 et
357 4209 519 4285 impuritatis
538 4205 639 4265 fontem
657 4228 730 4265 esse:
754 4228 803 4266 nec
826 4209 936 4266 dubium
959 4208 988 4264 id
1006 4205 1113 4285 quidem
1132 4216 1159 4262 ct
1176 4208 1205 4265 iu
