2776 4876
209 358 280 422 3‚22
1212 361 1264 416 153

208 513 365 598 μεριστῆς
388 513 497 600 ψυχῆς
519 517 555 577 λυ
583 508 711 596 σάματι
738 519 956 599 κατεχομένης
984 511 1190 600 ἐνεργήματα
1220 522 1264 592 εὶς

210 622 329 688 οάσίαν
350 624 603 702 καθίστασθαι,
631 627 686 690 καί
710 627 815 690 ταῦτα
841 621 988 712 χωριστά
1017 621 1099 690 εἶναι
1121 624 1180 704 ἔξω
1204 628 1264 707 τῆς

175 749 189 799 3
209 735 318 821 ψυχῆς
340 731 424 798 καθ’
444 730 562 816 ἑαυτάς
586 729 608 814 ῆ
630 739 698 812 πῶς
721 741 756 800 αι’
778 738 851 822 περὶ
874 743 944 812 τοῖς
966 733 1096 821 σώμασι
1111 733 1264 821 δυνάμεις

209 843 412 934 ἀφίστανται
434 846 499 911 τῶν
522 840 683 930 σωμάτων
705 848 812 912 καίτοι
835 853 870 912 ἐν
893 859 961 924 τοῖς
976 844 1106 932 σώμασι
1126 845 1164 914 τό
1180 847 1265 913 εἶναι

209 958 356 1041 ignoscam
378 959 428 1031 τίς
450 957 485 1020 δὲ
508 952 549 1036 δή
572 963 659 1021 ἐστιν
682 955 701 1022 ὁ
725 954 879 1022 ἀπολύων
901 953 1006 1035 αάεάς
1028 953 1095 1024 ἀπό
1118 962 1176 1039 τῆς
1199 975 1262 1024 ’σω-

176 1069 350 1151 οματι-κῆς
385 1064 585 1146 συστάσεως,
618 1071 674 1132 καὶ
708 1067 897 1152 σωματικὴν
930 1066 1079 1136 διάλυσιν
1113 1067 1264 1154 συνάγων

210 1174 311 1243 πάλιν
333 1184 378 1255 είς
399 1181 481 1264 μίαν
503 1174 662 1261 σόνοὸονς
693 1181 785 1245 ἔσται
806 1174 871 1266 γάρ
894 1177 980 1246 οὕτω
1002 1177 1222 1268 προϋπάρχον
1244 1179 1263 1246 ὁ

211 1289 361 1366 τοιοῦτος
383 1291 511 1375 δαίμων
533 1285 598 1376 πρό
621 1292 681 1354 τοῦ
702 1286 900 1369 ὑποστῆναι·
924 1293 988 1376 ἔχει
1002 1293 1037 1358 δὲ
1051 1294 1106 1358 καὶ
1121 1290 1181 1368 τάς
1194 1316 1263 1358 κοι-

176 1414 192 1464 9
210 1395 272 1476 νάς
294 1397 438 1486 ἀπορίας
453 1399 471 1466 ὁ
487 1397 602 1484 λόγος·
626 1403 694 1476 πῶς
716 1395 780 1487 γάρ
804 1397 925 1480 δήποτε
949 1397 1016 1468 ἀπὸ
1032 1405 1097 1468 τῶν
1110 1396 1157 1487 μῆ
1173 1399 1264 1489 ἑχόν-

211 1533 276 1576 των
298 1507 460 1595 μαντικῆν
481 1507 622 1595 μαντικῆ
645 1506 771 1598 φύεται,
800 1514 857 1576 καὶ
879 1507 946 1578 ἀπό
969 1517 1033 1578 τῶν
1054 1509 1100 1598 μὴ
1124 1509 1265 1599 ἑχόντων

211 1616 320 1709 ψυχὴν
350 1618 510 1706 σωμάτων
540 1617 630 1712 ψυχῆ
660 1619 902 1706 ἀπογεννᾶταις
930 1617 953 1703 ῆ
980 1620 1018 1690 τὸ
1048 1620 1129 1690 ὅλον
1158 1622 1266 1714 φάναι

159 1745 193 1795 12
210 1736 278 1810 πῶς
300 1727 367 1799 ἀπό
392 1734 456 1799 τῶν
479 1731 697 1821 ἀτελεστέρων
720 1731 902 1821 τελειότερα
931 1731 1132 1818 παράγεται;
1162 1738 1217 1801 καὶ
1245 1734 1264 1801 ό

210 1840 333 1930 τρόπος
362 1845 397 1909 δὲ
427 1845 485 1923 τῆς
513 1845 714 1927 παραγωγῆς
743 1847 900 1934 φαίνεταί
926 1871 982 1930 μοι
1014 1843 1192 1926 ἀδόνατος·
1227 1843 1265 1914 τό

211 1950 275 2040 γάρ
298 1949 353 2020 διά
374 1951 562 2040 κινημάτων
590 1957 650 2034 τῆς
672 1957 779 2041 ψυχῆς
801 1959 857 2022 καλ
880 1952 936 2022 διά
958 1959 1023 2022 τῶν
1046 1964 1171 2034 ἐντοῖς
1201 1955 1264 2024 σά-

159 2083 192 2134 15
210 2087 293 2150 μασι
315 2061 486 2149 δυνάμεων
507 2063 725 2153 παράγεσθαι
747 2065 873 2146 οὐσίαν,
896 2066 1071 2134 ἀδύνατον.
1111 2064 1178 2134 ἀπό
1201 2064 1265 2156 γάρ

211 2179 276 2241 τῶν
298 2170 344 2261 μῆ
373 2172 514 2260 ἑχόντων
542 2174 660 2241 οὐσίαν
684 2175 781 2242 οὐσία
805 2176 864 2264 οὐχ
893 2183 950 2244 οἵα
972 2182 1006 2243 τί
1029 2185 1117 2246 ἐστιν
1146 2178 1265 2246 ἀποτε-

213 2290 356 2354 λεῖσθαι.

159 2414 193 2465 18
300 2396 424 2465 Πόθεν
447 2401 482 2465 δὲ
508 2402 562 2464 καὶ
596 2394 802 2485 φανταστικῆ
832 2402 891 2464 τοῦ
920 2402 1097 2482 μέλλοντος
1125 2403 1263 2485 γίνεται;

211 2505 303 2597 παρά
331 2513 421 2587 τίνος
449 2511 602 2594 λαβοῦσα
632 2503 670 2573 τό
698 2507 875 2594 μαντικόυς
910 2508 1038 2595 ὁρῶμεν
1066 2505 1129 2600 γάρ
1159 2510 1266 2592 δήπου

282 2689 307 2739 6.
334 2684 502 2757 σωματικὴν]
522 2684 624 2752 σώματι
641 2685 690 2753 τῆν
709 2685 764 2738 CD.
890 2689 915 2740 8.
944 2687 1111 2756 ὑποστῆναι]
1131 2687 1166 2739 sic
1186 2688 1265 2753 ACD,

281 2770 435 2840 ἀποστῆσαι
454 2772 487 2824 0.
597 2773 637 2824 12.
665 2768 733 2837 τῶν]
752 2771 802 2824 τοῦ
819 2773 852 2825 D.
927 2775 969 2826 16.
997 2770 1095 2827 οὖσίαν
1114 2793 1165 2828 om.
1185 2775 1217 2827 Ο.

211 2953 278 3011 pore
296 2932 438 2990 conclusae
457 2935 575 2990 actiones
599 2935 627 2989 in
645 2934 820 2990 substantium
843 2935 1003 3010 procedere,
1028 2946 1107 3012 atque
1129 2936 1196 2991 adeo
1219 2957 1268 3012 per

212 3039 243 3075 se
261 3030 335 3076 extra
354 3023 467 3075 animam
486 3040 547 3076 esse
565 3021 720 3097 separatae?
747 3031 774 3077 et
792 3021 925 3096 quomodo
949 3023 1022 3078 vires
1046 3044 1059 3077 a
1084 3042 1198 3099 corpore
1221 3023 1266 3078 de·

212 3105 359 3182 pendentes
379 3125 509 3181 suumque
527 3127 588 3162 esse
610 3106 643 3162 ab
666 3126 697 3162 eo
721 3117 870 3163 mutuantes
895 3109 961 3162 citra
984 3127 1081 3190 corpus
1100 3109 1266 3163 consistent?

213 3191 311 3247 deinde
330 3193 390 3266 quis
409 3202 450 3248 est
470 3195 516 3268 qui
534 3195 603 3248 vires
623 3192 771 3249 materiales
790 3192 899 3248 solvite
913 3212 1043 3269 corporea
1057 3212 1192 3269 compage,
1211 3213 1267 3249 rur·

214 3297 327 3352 sumque
345 3279 373 3333 in
390 3297 472 3334 unum
491 3288 632 3355 congreget
650 3299 717 3355 qnae
736 3278 770 3335 de
788 3298 902 3356 corpore
920 3277 1108 3333 solvebantur?
1138 3297 1202 3334 sane
1219 3301 1267 3357 po-

213 3373 296 3420 testas
314 3366 352 3420 sit
375 3373 483 3442 oportet
506 3364 672 3431 daemonica,
696 3374 776 3440 atque
798 3367 835 3421 ita
856 3362 1009 3420 istiusmodi
1031 3362 1144 3418 daemon
1166 3365 1267 3421 extabit

212 3452 369 3526 priusquam
387 3460 535 3526 generetur.
580 3449 630 3506 sed
646 3449 728 3506 babet
745 3461 881 3528 praeterea
900 3469 1053 3508 communes
1072 3450 1199 3525 quasdam
1217 3451 1268 3509 dif-

213 3533 347 3590 ficultates
367 3535 432 3590 baec
451 3538 550 3612 opinio,
596 3539 642 3612 qui
661 3538 731 3592 enim
749 3539 834 3594 exiis
853 3558 921 3614 quae
938 3537 1092 3593 vaticinium
1104 3556 1158 3591 non
1170 3535 1268 3595 habent

213 3622 334 3675 nascitur
344 3622 515 3676 vaticinium?
543 3623 589 3696 qui
601 3641 634 3677 ex
645 3623 803 3698 corporibus
818 3643 873 3680 nou
884 3621 1044 3678 habentibus
1057 3624 1169 3678 animam
1182 3626 1267 3680 anima

213 3706 422 3784 progeneratos?
454 3716 481 3761 et
497 3716 527 3761 ut
544 3726 598 3762 uno
615 3707 698 3763 verbo
717 3707 813 3776 dicem,
832 3707 965 3784 quomodo
982 3707 1016 3761 ab
1027 3708 1267 3784 imperfectioribus

213 3791 375 3868 perfectiora
393 3791 592 3868 producuntur?
621 3793 670 3849 sed
689 3803 717 3850 et
733 3796 794 3870 ipse
805 3791 959 3849 istiusmodi
970 3791 1156 3869 productionis
1173 3797 1267 3853 modus

215 3876 281 3933 mihi
300 3877 406 3933 videtur
425 3876 634 3955 inexplicabilis3
654 3889 694 3934 est
714 3880 785 3933 enim
803 3876 977 3954 impossibile
987 3878 1136 3955 producere
1148 3882 1269 3938 substen-

214 3965 280 4020 tiem
298 3984 348 4040 per
366 3964 498 4019 motiones
517 3964 619 4018 animae
636 3984 738 4040 perque
760 3965 831 4020 vires
851 3964 1009 4041 corporibus
1031 3964 1212 4034 inhaerentem
1236 3987 1268 4023 ex

215 4051 249 4105 iis
270 4052 341 4105 enim
358 4071 426 4126 qnae
443 4069 498 4104 non
517 4048 615 4104 babent
631 4051 726 4126 nequit
743 4049 889 4106 substantia
907 4051 1027 4129 produci.

286 4133 371 4190 Porro
390 4136 462 4192 unde
481 4134 629 4191 futurorum
647 4137 798 4211 imaginatio
821 4137 884 4192 fiet?
915 4160 928 4193 a
948 4158 1001 4214 quo
1025 4138 1141 4195 desumit
1158 4138 1212 4191 vim
1230 4137 1269 4193 di·

216 4223 394 4279 vinatoriam?
430 4221 552 4277 videmus
572 4224 642 4279 enim
665 4220 732 4278 nibil
751 4243 842 4279 eornm
860 4244 927 4298 quae
944 4244 993 4299 per
1015 4224 1210 4298 generationem
1228 4243 1269 4278 se-
