2776 4876
603 345 747 424 Porphyrii
764 346 887 426 epistola.
1169 364 1270 406 mlx

218 503 432 570 ἐπιτελοῦνται.
477 506 590 590 πολλῷ
612 507 647 572 δὲ
669 502 793 573 τούτων
817 503 1035 593 ἀλογώτερον,
1063 504 1170 593 τὸμὴ
1197 511 1270 575 δαί·
1286 522 1326 583 30

216 638 303 698 μονι,
325 621 353 680 εί
375 611 478 701 τύχοι,
507 613 530 697 ἢ
552 619 641 708 ψυχῇ
660 615 874 700 τεθνηκότος,
903 616 993 703 αὐτῷ
1015 621 1049 685 δὲ
1071 621 1117 704 τῷ
1138 622 1271 704 βασιλεῖ

180 725 319 811 3Ἡλίρι
331 721 363 806 ,ἢ
378 724 521 819 ΔΣελήνῃ
542 723 565 809 ἥ
587 752 651 794 τινι
664 733 731 795 τῶν
751 728 824 796 κατ’
840 726 993 819 οὐρανόν,
1016 725 1201 819 ἄνθρωπον
1223 732 1270 816 rqi

214 835 346 924 τυχόντι
365 837 553 928 ὑποχείριον
576 836 713 918 ἀπειλὰς
734 845 969 932 προσφέροντα
990 844 1154 933 ἐκφοβεῖν,
1185 857 1268 932 φευ-

215 945 357 1034 δόμινον
378 949 420 1016 ίν’
440 956 556 1017 ἐκεῖνοι
579 949 802 1032 ἀληθεύσουσι.
848 949 886 1020 τὸ
908 951 973 1041 γὰρ
996 954 1108 1038 λεγειν,
1135 949 1187 1021 ὅτι
1208 949 1268 1020 τὸν
1284 960 1323 1021 31

169 1078 196 1126 ,ο
215 1056 359 1149 οὐρανὸν
386 1060 591 1149 προσαραξει
618 1065 675 1128 καὶ
696 1057 739 1128 τὰ
760 1058 886 1151 κρυπτοὶ
909 1067 968 1146 τῆς
985 1058 1107 1143 Ἴσιδος
1132 1071 1268 1156 ἐκφανεῖ

213 1175 270 1238 καὶ
292 1168 331 1239 τὸ
356 1180 391 1239 ὲν
411 1172 538 1259 Ἀβύδῳ
561 1171 753 1261 ἀπόρρητον
775 1174 871 1255 δείξει
893 1179 950 1242 καὶ
963 1171 1025 1257 τὴν
1039 1172 1140 1264 βάριν
1155 1173 1268 1257 στήσει

213 1287 269 1350 καὶ
291 1281 334 1351 roi
356 1289 438 1370 μέλη
460 1289 520 1352 τοῦ
540 1285 702 1375 Ὀσίριδος
724 1284 932 1354 διασκεδάσει
954 1289 1000 1371 τῷ
1028 1289 1169 1379 Ῥυφῶνι,
1190 1292 1267 1356 τίνα

176 1407 194 1457 9
212 1394 273 1481 οὐχ
296 1393 482 1481 ὑπερβολὴν
504 1399 683 1482 ἐμπληξίας
704 1400 764 1482 μίν
785 1403 832 1483 τῷ
854 1397 1044 1465 ἀπειλοῦντι
1059 1394 1082 1465 oi
1097 1397 1179 1487 μήτε
1202 1396 1266 1467 εἶδε

212 1506 294 1592 μήτε
310 1505 458 1588 δύναται,
480 1511 676 1588 καταλείπει,
698 1506 933 1590 ταπεινότητος
947 1512 983 1575 δὲ
999 1521 1068 1588 τοῖς
1082 1509 1265 1579 δεδοικόσιν

212 1615 296 1685 οὕτω
319 1615 415 1685 ιιενδν
438 1617 549 1711 φόβον
563 1623 619 1707 καὶ
634 1618 824 1706 πλάσματα,
847 1620 890 1698 ὡς
904 1623 1021 1714 κομιδῇ
1036 1625 1151 1691 παισὶν
1166 1619 1265 1703 ἀνοή-

157 1739 192 1790 12
212 1754 300 1814 τοιςς
323 1735 432 1797 καίτοι
453 1733 510 1797 καὶ
534 1727 720 1821 Χαιρήμων
742 1731 762 1798 ὁ
783 1729 1064 1821 ἱερογραμματεὺς
1078 1730 1265 1825 ἀναμροίφιι

208 1845 316 1908 ταῦτα
337 1841 381 1920 ὡς
402 1845 459 1908 καί
480 1841 559 1929 παρ’
579 1845 773 1928 Αἰγυπτίοις
794 1842 1038 1932 θρυλλούμενα.
1079 1849 1136 1913 καὶ
1157 1842 1265 1913 ταῦτά

203 1974 315 2043 φασιν
336 1951 420 2020 εἶναι
442 1959 498 2021 καὶ
519 1953 723 2022 τὰτοιαῦτα
743 1957 997 2042 βιαστικώτατα.

280 2182 305 2234 2.
331 2177 480 2239 τεθνεῶτος
497 2180 594 2233 Theod.
667 2184 692 2235 3.
720 2176 872 2252 ἀνθρώπων
889 2182 983 2234 Euseb.
1056 2182 1082 2234 4.
1109 2195 1165 2233 ante
1183 2185 1263 2250 ίιιφο-

278 2270 332 2332 βεῖν
351 2266 415 2316 Gale
430 2267 487 2318 add.
507 2269 558 2320 noti.
569 2261 582 2336 ΙΙ
594 2273 685 2335 φοβεῖν
704 2267 800 2318 Theod.
873 2267 897 2320 7.
923 2263 1037 2335 Ἀβύδῳ]
1057 2262 1144 2335 uldrico)
1164 2266 1262 2320 Theod.

279 2353 305 2403 9.
332 2342 398 2418 side]
419 2342 473 2405 cide
493 2353 589 2405 Theod.
667 2355 708 2405 ll.
736 2351 849 2421 πλάσμα
867 2352 964 2406 Theod.
1046 2355 1141 2406 11.12.
1168 2355 1263 2414 παῖδες

278 2433 388 2506 ἀνόητοι
405 2439 497 2491 Euaeb.
570 2441 613 2493 12.
639 2440 736 2510 γράφει
754 2440 850 2492 Tbeod.
923 2441 963 2493 1³.
993 2437 1082 2493 ταῦτα
1098 2460 1149 2493 om.
1163 2439 1261 2494 Theou.

290 2518 302 2592 ΙΙ
316 2522 486 2595 θρυλούμενα
504 2525 602 2577 Themi.
675 2527 771 2580 13.14.
798 2530 843 2580 noi
861 2523 950 2580 ταῦτα
962 2527 1132 2596 φησίιιαλπὰ
1145 2528 1261 2580 τοιαῦτα

278 2601 346 2664 εἶναι
362 2609 562 2680 βιαστικώτατα
581 2611 677 2664 Theod.

206 2751 311 2807 soma:
348 2749 425 2820 εει.
452 2752 546 2805 namsi
564 2753 590 2815 ε,
609 2755 634 2805 ι.

206 3032 274 3068 mam
295 3024 464 3090 peraguntur.
513 3015 638 3094 quodque
661 3020 780 3075 omnium
802 3017 1024 3075 absurdissimum
1047 3029 1101 3086 est,
1129 3019 1259 3075 uoniam
1275 3016 1316 3079 30

204 3097 306 3176 vulgari
323 3102 438 3178 cuipiam
456 3102 579 3159 daemoni
597 3113 643 3160 aut
661 3103 780 3161 defuncti
798 3106 908 3173 animae,
927 3103 977 3160 sed
988 3106 1096 3181 ipsimet
1109 3102 1170 3172 soli,
1188 3102 1258 3160 side·
1319 3156 1322 3161 .

204 3205 263 3241 rum
280 3187 406 3264 principi,
427 3187 507 3245 lunae
524 3189 691 3266 reliquisque
713 3191 765 3246 diis
785 3188 945 3246 caelestibus
962 3188 1042 3244 homo
1061 3188 1171 3246 cuilibet
1190 3191 1257 3246 vitio

204 3271 335 3328 obnoxius
353 3275 438 3330 minas
457 3275 584 3344 intendit,
608 3286 688 3352 atquc
711 3287 742 3333 ut
764 3296 811 3333 eos
834 3274 869 3332 ad
889 3296 953 3333 vera
970 3275 1082 3332 dicenda
1105 3273 1257 3352 compellat,

203 3357 299 3415 lalsum
316 3379 466 3437 vanumque
483 3371 614 3419 terrorem
632 3363 758 3420 ostendit.
803 3382 864 3418 nam
883 3364 930 3438 qui
943 3361 1081 3419 denuntiat
1092 3364 1132 3419 uti
1143 3360 1187 3419 vel
1200 3381 1258 3418 uae·
1273 3359 1312 3422 31

204 3444 259 3502 lum
276 3448 366 3524 ipsum
384 3451 485 3523 quatiat
502 3447 547 3506 rel
564 3448 651 3506 isidis
668 3469 764 3507 arcana
781 3448 924 3528 patefaciat
947 3447 991 3506 vel
1015 3449 1087 3527 quod
1104 3447 1195 3524 Abydi
1213 3468 1257 3505 oc·

204 3532 304 3613 cultum
321 3534 395 3601 latet,
419 3534 545 3611 dictuque
562 3535 637 3592 uelas
655 3548 711 3604 est,
736 3539 765 3592 in
781 3534 870 3592 lucem
886 3533 1004 3612 proferat
1021 3535 1066 3592 vel
1088 3536 1256 3614 aegyptiacae

92 3634 96 3645 ’
204 3622 279 3676 naris
297 3640 404 3678 cursum
420 3620 540 3678 inhibeat
556 3621 604 3680 vel·
617 3625 647 3679 in
658 3622 801 3701 Typhonis
819 3623 929 3698 gratiam
942 3620 1060 3678 Osiridis
1072 3622 1191 3680 membra
1202 3620 1256 3679 dis

95 3772 99 3778 ,
203 3709 285 3776 iiciat‚
304 3708 439 3784 quidnam,
458 3709 580 3778 obsecre,
598 3708 643 3766 rel
660 3711 714 3768 sibi
731 3728 863 3765 summum
874 3707 908 3763 ad
920 3716 1058 3784 stuporem
1072 3718 1152 3784 atque
1163 3728 1256 3766 vecor-

202 3793 287 3862 diam,
305 3797 357 3850 ista
377 3814 444 3870 quae
461 3815 549 3871 neque
565 3799 643 3851 norit
660 3815 748 3872 neque
765 3793 872 3850 efficere
888 3803 980 3872 potest
996 3795 1194 3864 comminando,
1211 3794 1255 3851 rel

201 3881 355 3937 numinibus
374 3901 441 3956 quae
459 3881 571 3938 fictitius
589 3884 642 3939 iste
661 3892 688 3938 et
705 3882 793 3937 inanis
810 3890 899 3937 terror
915 3879 1091 3938 leviculomm
1112 3884 1255 3958 pasionum

201 3986 276 4023 more
298 3966 443 4045 percellet,
465 3987 600 4043 summam
617 3967 651 4025 ad
673 3967 849 4024 bumilitatem
870 3967 967 4045 reliqui
988 3967 1068 4025 lecit?
1093 3966 1161 4024 haec
1183 3975 1255 4023 certe

202 4052 370 4110 Chaeremon
389 4074 466 4111 sacer
484 4055 574 4112 scriba
591 4064 715 4130 tauquam
732 4055 927 4134 Aegyptiorum
944 4056 1049 4135 pridem
1071 4056 1190 4111 omnium
1207 4071 1255 4109 ore

201 4142 298 4196 iactata
317 4150 518 4210 commemorat,
542 4141 653 4198 ethaeo
672 4139 793 4218 quidem,
816 4144 856 4198 uti
880 4141 999 4199 eiusdem
1020 4160 1128 4218 quoque
1148 4141 1254 4216 generis

202 4225 331 4285 nonnulla
349 4226 409 4299 alia,
428 4229 463 4286 ad
480 4231 535 4287 vim
553 4228 606 4287 diis
624 4229 786 4288 afferendam
802 4230 990 4308 potentissima
1006 4247 1066 4286 esse
1085 4227 1216 4284 dictitant.
