<?xml version="1.0" encoding="UTF-8"?>
<!DOCTYPE html PUBLIC "-//W3C//DTD XHTML 1.0 Transitional//EN"
    "http://www.w3.org/TR/xhtml1/DTD/xhtml1-transitional.dtd">
<html xmlns="http://www.w3.org/1999/xhtml" xml:lang="en" lang="en">
 <head>
  <title>
</title>
<meta http-equiv="Content-Type" content="text/html;charset=utf-8" />
  <meta name='ocr-system' content='tesseract 3.04.00' />
  <meta name='ocr-capabilities' content='ocr_page ocr_carea ocr_par ocr_line ocrx_word'/>
</head>
<body>
  <div class='ocr_page' id='page_1' title='image "./jamblichidemyst00jambgoog_0242.png"; bbox 0 0 2776 4876; ppageno 0'>
   <div class='ocr_carea' id='block_1_1' title="bbox 123 351 1181 415">
    <p class='ocr_par' dir='ltr' id='par_1_1' title="bbox 123 351 1181 415">
     <span class='ocr_line' id='line_1_1' title="bbox 123 351 1181 415; baseline -0.006 3"><span class='ocrx_word' id='word_1_1' title='bbox 123 351 179 415; x_wconf 60' lang='grc' dir='ltr'><em>πθ</em></span> <span class='ocrx_word' id='word_1_2' title='bbox 1130 356 1181 412; x_wconf 78' lang='lat' dir='ltr'>ns</span> 
     </span>
    </p>
   </div>
   <div class='ocr_carea' id='block_1_2' title="bbox 89 500 1180 928">
    <p class='ocr_par' dir='ltr' id='par_1_2' title="bbox 89 500 1180 928">
     <span class='ocr_line' id='line_1_2' title="bbox 124 500 1180 597; baseline 0.007 -26"><span class='ocrx_word' id='word_1_3' title='bbox 124 507 159 573; x_wconf 81' lang='grc' dir='ltr'><em>δὲ</em></span> <span class='ocrx_word' id='word_1_4' title='bbox 180 500 260 570; x_wconf 83' lang='grc' dir='ltr'><em>άνεν</em></span> <span class='ocrx_word' id='word_1_5' title='bbox 281 506 349 570; x_wconf 82' lang='grc' dir='ltr'><em>τῶν</em></span> <span class='ocrx_word' id='word_1_6' title='bbox 368 510 541 588; x_wconf 84' lang='grc' dir='ltr'><em>μακαρίων</em></span> <span class='ocrx_word' id='word_1_7' title='bbox 561 503 688 572; x_wconf 78' lang='grc' dir='ltr'><em>τούτων</em></span> <span class='ocrx_word' id='word_1_8' title='bbox 709 503 893 590; x_wconf 80' lang='grc' dir='ltr'><strong><em>θεαμάτων</em></strong></span> <span class='ocrx_word' id='word_1_9' title='bbox 912 505 1052 597; x_wconf 78' lang='grc' dir='ltr'><em>ἀφανεῖς</em></span> <span class='ocrx_word' id='word_1_10' title='bbox 1065 508 1180 578; x_wconf 82' lang='grc' dir='ltr'><em>ποιού-</em></span> 
     </span>
     <span class='ocr_line' id='line_1_3' title="bbox 123 611 1179 710; baseline 0.006 -28"><span class='ocrx_word' id='word_1_11' title='bbox 123 639 217 701; x_wconf 98' lang='grc' dir='ltr'><em>μενοι</em></span> <span class='ocrx_word' id='word_1_12' title='bbox 239 612 300 692; x_wconf 77' lang='grc' dir='ltr'><em>τοῖς</em></span> <span class='ocrx_word' id='word_1_13' title='bbox 321 611 454 700; x_wconf 71' lang='grc' dir='ltr'><em>ἀγωγάς</em></span> <span class='ocrx_word' id='word_1_14' title='bbox 476 618 544 682; x_wconf 83' lang='grc' dir='ltr'><em>τῶν</em></span> <span class='ocrx_word' id='word_1_15' title='bbox 560 614 754 701; x_wconf 75' lang='grc' dir='ltr'><em>πνευμάτων</em></span> <span class='ocrx_word' id='word_1_16' title='bbox 768 613 877 706; x_wconf 80' lang='grc' dir='ltr'><em>ὥσπερ</em></span> <span class='ocrx_word' id='word_1_17' title='bbox 892 624 929 683; x_wconf 80' lang='grc' dir='ltr'><em>ίν</em></span> <span class='ocrx_word' id='word_1_18' title='bbox 937 616 1049 704; x_wconf 81' lang='grc' dir='ltr'><em>σκότῳ</em></span> <span class='ocrx_word' id='word_1_19' title='bbox 1064 617 1179 710; x_wconf 77' lang='grc' dir='ltr'><em>ἀφάσ-</em></span> 
     </span>
     <span class='ocr_line' id='line_1_4' title="bbox 89 718 1179 817; baseline 0.006 -25"><span class='ocrx_word' id='word_1_20' title='bbox 89 738 228 806; x_wconf 65' lang='grc' dir='ltr'><em>ἐσσυσι,</em></span> <span class='ocrx_word' id='word_1_21' title='bbox 256 730 313 792; x_wconf 80' lang='grc' dir='ltr'><em>καί</em></span> <span class='ocrx_word' id='word_1_22' title='bbox 335 725 430 792; x_wconf 74' lang='grc' dir='ltr'><em>οὐδὲν</em></span> <span class='ocrx_word' id='word_1_23' title='bbox 451 725 563 794; x_wconf 83' lang='grc' dir='ltr'><em>ῖσασιν</em></span> <span class='ocrx_word' id='word_1_24' title='bbox 584 718 631 793; x_wconf 81' lang='grc' dir='ltr'><em>ὧν</em></span> <span class='ocrx_word' id='word_1_25' title='bbox 651 731 811 807; x_wconf 61' lang='grc' dir='ltr'><strong><em>ποιοῦσαι</em></strong></span> <span class='ocrx_word' id='word_1_26' title='bbox 826 725 912 811; x_wconf 78' lang='grc' dir='ltr'><em>πλην</em></span> <span class='ocrx_word' id='word_1_27' title='bbox 939 727 1027 796; x_wconf 88' lang='grc' dir='ltr'><em>πάνυ</em></span> <span class='ocrx_word' id='word_1_28' title='bbox 1054 735 1179 817; x_wconf 81' lang='grc' dir='ltr'><em>μικρῶν</em></span> 
     </span>
     <span class='ocr_line' id='line_1_5' title="bbox 123 833 1179 928; baseline 0.004 -24"><span class='ocrx_word' id='word_1_29' title='bbox 123 840 189 904; x_wconf 75' lang='grc' dir='ltr'><em>τῶν</em></span> <span class='ocrx_word' id='word_1_30' title='bbox 211 833 268 904; x_wconf 70' lang='grc' dir='ltr'><em>διὰ</em></span> <span class='ocrx_word' id='word_1_31' title='bbox 288 841 351 904; x_wconf 80' lang='grc' dir='ltr'><em>τοῦ</em></span> <span class='ocrx_word' id='word_1_32' title='bbox 378 835 533 920; x_wconf 84' lang='grc' dir='ltr'><em>σώματος</em></span> <span class='ocrx_word' id='word_1_33' title='bbox 560 844 770 928; x_wconf 72' lang='grc' dir='ltr'><em>φαινομένων</em></span> <span class='ocrx_word' id='word_1_34' title='bbox 796 845 940 925; x_wconf 81' lang='grc' dir='ltr'><em>σημείων</em></span> <span class='ocrx_word' id='word_1_35' title='bbox 970 845 1030 907; x_wconf 77' lang='grc' dir='ltr'><em>τοῦ</em></span> <span class='ocrx_word' id='word_1_36' title='bbox 1057 844 1179 908; x_wconf 66' lang='grc' dir='ltr'><em>ὄνθον·</em></span> 
     </span>
    </p>
   </div>
   <div class='ocr_carea' id='block_1_3' title="bbox 73 944 1204 1819">
    <p class='ocr_par' dir='ltr' id='par_1_3' title="bbox 73 944 1204 1819">
     <span class='ocr_line' id='line_1_6' title="bbox 124 944 1179 1038; baseline 0 -21"><span class='ocrx_word' id='word_1_37' title='bbox 124 953 261 1027; x_wconf 78' lang='grc' dir='ltr'><em>σιῶνεος</em></span> <span class='ocrx_word' id='word_1_38' title='bbox 282 953 339 1017; x_wconf 79' lang='grc' dir='ltr'><em>καὶ</em></span> <span class='ocrx_word' id='word_1_39' title='bbox 359 952 427 1014; x_wconf 79' lang='grc' dir='ltr'><em>τῶν</em></span> <span class='ocrx_word' id='word_1_40' title='bbox 447 944 558 1014; x_wconf 80' lang='grc' dir='ltr'><em>ἄλλων</em></span> <span class='ocrx_word' id='word_1_41' title='bbox 580 952 644 1016; x_wconf 79' lang='grc' dir='ltr'><em>τῶν</em></span> <span class='ocrx_word' id='word_1_42' title='bbox 666 953 812 1037; x_wconf 72' lang='grc' dir='ltr'><em>ἐναργῶς</em></span> <span class='ocrx_word' id='word_1_43' title='bbox 833 951 1021 1038; x_wconf 69' lang='grc' dir='ltr'><em>ὁρωμένων,</em></span> <span class='ocrx_word' id='word_1_44' title='bbox 1049 947 1092 1016; x_wconf 82' lang='grc' dir='ltr'><em>τά</em></span> <span class='ocrx_word' id='word_1_45' title='bbox 1115 948 1179 1018; x_wconf 87' lang='grc' dir='ltr'><strong><em>ὅλα</em></strong></span> 
     </span>
     <span class='ocr_line' id='line_1_7' title="bbox 89 1059 1204 1150; baseline 0.003 -24"><span class='ocrx_word' id='word_1_46' title='bbox 89 1063 184 1142; x_wconf 75' lang='grc' dir='ltr'><em>στῆς</em></span> <span class='ocrx_word' id='word_1_47' title='bbox 206 1064 309 1139; x_wconf 79' lang='grc' dir='ltr'><em>θείας</em></span> <span class='ocrx_word' id='word_1_48' title='bbox 328 1063 501 1138; x_wconf 82' lang='grc' dir='ltr'><em>λπιπνοίας</em></span> <span class='ocrx_word' id='word_1_49' title='bbox 529 1068 565 1127; x_wconf 80' lang='grc' dir='ltr'><em>ἐν</em></span> <span class='ocrx_word' id='word_1_50' title='bbox 587 1059 713 1150; x_wconf 78' lang='grc' dir='ltr'><strong><em>ἀφανεῖ</em></strong></span> <span class='ocrx_word' id='word_1_51' title='bbox 741 1066 945 1147; x_wconf 74' lang='grc' dir='ltr'><em>κεκρυμμένα</em></span> <span class='ocrx_word' id='word_1_52' title='bbox 973 1061 1204 1147; x_wconf 68' lang='grc' dir='ltr'><em>άμνοοῦντερ·</em></span> 
     </span>
     <span class='ocr_line' id='line_1_8' title="bbox 124 1166 1180 1258; baseline 0.002 -20"><span class='ocrx_word' id='word_1_53' title='bbox 124 1170 197 1238; x_wconf 81' lang='grc' dir='ltr'><em>ἀλλ’</em></span> <span class='ocrx_word' id='word_1_54' title='bbox 218 1166 448 1238; x_wconf 77' lang='grc' dir='ltr'><em>ίκεῖσεπάλιν</em></span> <span class='ocrx_word' id='word_1_55' title='bbox 475 1168 635 1255; x_wconf 77' lang='grc' dir='ltr'><em>ἐπάνειμι</em></span> <span class='ocrx_word' id='word_1_56' title='bbox 681 1177 709 1238; x_wconf 78' lang='grc' dir='ltr'><em>ιλ</em></span> <span class='ocrx_word' id='word_1_57' title='bbox 736 1168 802 1258; x_wconf 73' lang='grc' dir='ltr'><em>γάρ</em></span> <span class='ocrx_word' id='word_1_58' title='bbox 829 1179 999 1258; x_wconf 89' lang='grc' dir='ltr'><em>παρουσία</em></span> <span class='ocrx_word' id='word_1_59' title='bbox 1026 1176 1086 1239; x_wconf 83' lang='grc' dir='ltr'><em>τοῦ</em></span> <span class='ocrx_word' id='word_1_60' title='bbox 1112 1177 1180 1240; x_wconf 80' lang='grc' dir='ltr'><em>τῶν</em></span> 
     </span>
     <span class='ocr_line' id='line_1_9' title="bbox 124 1279 1181 1374; baseline 0.001 -25"><span class='ocrx_word' id='word_1_61' title='bbox 124 1285 217 1349; x_wconf 69' lang='grc' dir='ltr'><em>θεοῖν</em></span> <span class='ocrx_word' id='word_1_62' title='bbox 237 1280 340 1371; x_wconf 81' lang='grc' dir='ltr'><em>πυρὸς</em></span> <span class='ocrx_word' id='word_1_63' title='bbox 362 1287 420 1350; x_wconf 86' lang='grc' dir='ltr'><em>καὶ</em></span> <span class='ocrx_word' id='word_1_64' title='bbox 433 1280 543 1374; x_wconf 71' lang='grc' dir='ltr'><em>φωτός</em></span> <span class='ocrx_word' id='word_1_65' title='bbox 557 1306 589 1348; x_wconf 85' lang='grc' dir='ltr'><em>τι</em></span> <span class='ocrx_word' id='word_1_66' title='bbox 605 1279 689 1361; x_wconf 71' lang='grc' dir='ltr'><em>εἶδος</em></span> <span class='ocrx_word' id='word_1_67' title='bbox 704 1279 852 1369; x_wconf 80' lang='grc' dir='ltr'><em>ἄρρητον</em></span> <span class='ocrx_word' id='word_1_68' title='bbox 867 1283 997 1364; x_wconf 78' lang='grc' dir='ltr'><em>ἔξωθεν</em></span> <span class='ocrx_word' id='word_1_69' title='bbox 1017 1285 1181 1368; x_wconf 75' lang='grc' dir='ltr'><em>ἐπιβαίνει</em></span> 
     </span>
     <span class='ocr_line' id='line_1_10' title="bbox 89 1391 1180 1484; baseline 0.005 -29"><span class='ocrx_word' id='word_1_70' title='bbox 89 1403 107 1455; x_wconf 74' lang='grc' dir='ltr'><em>ν</em></span> <span class='ocrx_word' id='word_1_71' title='bbox 122 1400 169 1480; x_wconf 74' lang='grc' dir='ltr'><em>τῷ</em></span> <span class='ocrx_word' id='word_1_72' title='bbox 182 1401 395 1481; x_wconf 70' lang='grc' dir='ltr'><em>κατεχομένῳ,</em></span> <span class='ocrx_word' id='word_1_73' title='bbox 416 1398 537 1484; x_wconf 79' lang='grc' dir='ltr'><strong><em>πληροῖ</em></strong></span> <span class='ocrx_word' id='word_1_74' title='bbox 550 1416 585 1461; x_wconf 85' lang='grc' dir='ltr'><em>τε</em></span> <span class='ocrx_word' id='word_1_75' title='bbox 601 1391 703 1462; x_wconf 74' lang='grc' dir='ltr'><em>αὐτὸν</em></span> <span class='ocrx_word' id='word_1_76' title='bbox 718 1391 799 1460; x_wconf 85' lang='grc' dir='ltr'><em>ὅλον</em></span> <span class='ocrx_word' id='word_1_77' title='bbox 817 1401 989 1480; x_wconf 74' lang='grc' dir='ltr'><em>ἐπικρατεῖ,</em></span> <span class='ocrx_word' id='word_1_78' title='bbox 1004 1397 1061 1461; x_wconf 88' lang='grc' dir='ltr'><em>καί</em></span> <span class='ocrx_word' id='word_1_79' title='bbox 1075 1391 1180 1480; x_wconf 73' lang='grc' dir='ltr'><em>κύκλῳ</em></span> 
     </span>
     <span class='ocr_line' id='line_1_11' title="bbox 123 1501 1180 1596; baseline 0 -24"><span class='ocrx_word' id='word_1_80' title='bbox 123 1530 159 1573; x_wconf 85' lang='grc' dir='ltr'><em>τε</em></span> <span class='ocrx_word' id='word_1_81' title='bbox 180 1501 401 1592; x_wconf 75' lang='grc' dir='ltr'><em>πανταχόθεν</em></span> <span class='ocrx_word' id='word_1_82' title='bbox 420 1511 456 1570; x_wconf 73' lang='grc' dir='ltr'><em>ἐν</em></span> <span class='ocrx_word' id='word_1_83' title='bbox 470 1509 574 1590; x_wconf 78' lang='grc' dir='ltr'><em>ἐαυτῷ</em></span> <span class='ocrx_word' id='word_1_84' title='bbox 590 1503 794 1596; x_wconf 81' lang='grc' dir='ltr'><em>συνείληφεν,</em></span> <span class='ocrx_word' id='word_1_85' title='bbox 817 1504 861 1583; x_wconf 78' lang='grc' dir='ltr'><em>ὡς</em></span> <span class='ocrx_word' id='word_1_86' title='bbox 874 1507 1039 1590; x_wconf 78' lang='grc' dir='ltr'><em>μηδεμίαν</em></span> <span class='ocrx_word' id='word_1_87' title='bbox 1054 1509 1180 1572; x_wconf 86' lang='grc' dir='ltr'><em>οίκείαν</em></span> 
     </span>
     <span class='ocr_line' id='line_1_12' title="bbox 125 1611 1180 1704; baseline -0.003 -19"><span class='ocrx_word' id='word_1_88' title='bbox 125 1623 291 1704; x_wconf 64' lang='grc' dir='ltr'><em>ἐνέργειαν</em></span> <span class='ocrx_word' id='word_1_89' title='bbox 311 1615 483 1684; x_wconf 75' lang='grc' dir='ltr'><em>δύνασθαι</em></span> <span class='ocrx_word' id='word_1_90' title='bbox 510 1613 791 1703; x_wconf 72' lang='grc' dir='ltr'><em>διαπράττεσθαι,</em></span> <span class='ocrx_word' id='word_1_91' title='bbox 819 1620 870 1693; x_wconf 82' lang='grc' dir='ltr'><em>τίς</em></span> <span class='ocrx_word' id='word_1_92' title='bbox 897 1612 941 1682; x_wconf 76' lang='lat' dir='ltr'><em>dv</em></span> <span class='ocrx_word' id='word_1_93' title='bbox 968 1613 1130 1696; x_wconf 76' lang='grc' dir='ltr'><em>αλσθησις</em></span> <span class='ocrx_word' id='word_1_94' title='bbox 1156 1611 1180 1695; x_wconf 70' lang='grc' dir='ltr'><em>ἢ</em></span> 
     </span>
     <span class='ocr_line' id='line_1_13' title="bbox 73 1722 1182 1819; baseline -0.005 -24"><span class='ocrx_word' id='word_1_95' title='bbox 73 1731 107 1782; x_wconf 78' lang='lat'><em>1²</em></span> <span class='ocrx_word' id='word_1_96' title='bbox 124 1726 421 1819; x_wconf 73' lang='grc' dir='ltr'><em>παρακολούθησις</em></span> <span class='ocrx_word' id='word_1_97' title='bbox 441 1722 465 1808; x_wconf 77' lang='grc' dir='ltr'>ἢ</span> <span class='ocrx_word' id='word_1_98' title='bbox 486 1723 623 1810; x_wconf 73' lang='grc' dir='ltr'><em>ἐπιβολὴ</em></span> <span class='ocrx_word' id='word_1_99' title='bbox 646 1730 751 1793; x_wconf 88' lang='grc' dir='ltr'><em>οίκεία</em></span> <span class='ocrx_word' id='word_1_100' title='bbox 773 1730 992 1814; x_wconf 74' lang='grc' dir='ltr'><em>παραγένοιτο</em></span> <span class='ocrx_word' id='word_1_101' title='bbox 1016 1727 1063 1810; x_wconf 77' lang='lat' dir='ltr'><em>aqi</em></span> <span class='ocrx_word' id='word_1_102' title='bbox 1076 1749 1182 1792; x_wconf 82' lang='grc' dir='ltr'><strong><em>κατα-</em></strong></span> 
     </span>
    </p>
   </div>
   <div class='ocr_carea' id='block_1_4' title="bbox 74 1832 1182 2364">
    <p class='ocr_par' dir='ltr' id='par_1_4' title="bbox 74 1832 1182 2364">
     <span class='ocr_line' id='line_1_14' title="bbox 126 1832 1181 1926; baseline -0.005 -20"><span class='ocrx_word' id='word_1_103' title='bbox 126 1842 290 1926; x_wconf 78' lang='grc' dir='ltr'><em>δεχομίνῳ</em></span> <span class='ocrx_word' id='word_1_104' title='bbox 309 1834 348 1905; x_wconf 84' lang='grc' dir='ltr'><em>τὸ</em></span> <span class='ocrx_word' id='word_1_105' title='bbox 371 1841 472 1906; x_wconf 73' lang='grc' dir='ltr'><em>θεῖον</em></span> <span class='ocrx_word' id='word_1_106' title='bbox 491 1841 574 1924; x_wconf 70' lang='grc' dir='ltr'><em>πῦρς</em></span> <span class='ocrx_word' id='word_1_107' title='bbox 596 1834 619 1919; x_wconf 66' lang='lat' dir='ltr'>ai</span> <span class='ocrx_word' id='word_1_108' title='bbox 632 1841 666 1904; x_wconf 89' lang='grc' dir='ltr'><em>τί</em></span> <span class='ocrx_word' id='word_1_109' title='bbox 680 1832 723 1904; x_wconf 81' lang='grc' dir='ltr'><em>άν</em></span> <span class='ocrx_word' id='word_1_110' title='bbox 736 1835 811 1903; x_wconf 83' lang='grc' dir='ltr'><em>τότε</em></span> <span class='ocrx_word' id='word_1_111' title='bbox 826 1833 1043 1924; x_wconf 75' lang='grc' dir='ltr'><em>ἀνθρώπινον</em></span> <span class='ocrx_word' id='word_1_112' title='bbox 1056 1839 1181 1920; x_wconf 80' lang='grc' dir='ltr'><em>κίνημα</em></span> 
     </span>
     <span class='ocr_line' id='line_1_15' title="bbox 125 1943 1182 2035; baseline -0.005 -19"><span class='ocrx_word' id='word_1_113' title='bbox 125 1955 337 2034; x_wconf 71' lang='grc' dir='ltr'><em>παρεμπέσοι,</em></span> <span class='ocrx_word' id='word_1_114' title='bbox 358 1945 382 2031; x_wconf 77' lang='grc' dir='ltr'><em>ἢ</em></span> <span class='ocrx_word' id='word_1_115' title='bbox 403 1952 486 2014; x_wconf 90' lang='grc' dir='ltr'><em>ποία</em></span> <span class='ocrx_word' id='word_1_116' title='bbox 507 1945 677 2034; x_wconf 78' lang='grc' dir='ltr'><em>ναταδοχὴ</em></span> <span class='ocrx_word' id='word_1_117' title='bbox 698 1946 815 2034; x_wconf 79' lang='grc' dir='ltr'><em>γίνοιτ’</em></span> <span class='ocrx_word' id='word_1_118' title='bbox 836 1943 880 2015; x_wconf 71' lang='lat' dir='ltr'><em>dv</em></span> <span class='ocrx_word' id='word_1_119' title='bbox 901 1944 1100 2035; x_wconf 77' lang='grc' dir='ltr'><em>ἀνθρωπίνη</em></span> <span class='ocrx_word' id='word_1_120' title='bbox 1115 1943 1182 2012; x_wconf 82' lang='grc' dir='ltr'><em>πά·</em></span> 
     </span>
     <span class='ocr_line' id='line_1_16' title="bbox 74 2052 1182 2148; baseline -0.005 -20"><span class='ocrx_word' id='word_1_121' title='bbox 74 2068 106 2118; x_wconf 83' lang='lat'><em>15</em></span> <span class='ocrx_word' id='word_1_122' title='bbox 124 2065 212 2140; x_wconf 75' lang='grc' dir='ltr'><em>θους</em></span> <span class='ocrx_word' id='word_1_123' title='bbox 238 2057 261 2143; x_wconf 74' lang='grc' dir='ltr'>ἢ</span> <span class='ocrx_word' id='word_1_124' title='bbox 289 2057 469 2138; x_wconf 76' lang='grc' dir='ltr'><em>ἐκστάσεως</em></span> <span class='ocrx_word' id='word_1_125' title='bbox 497 2054 519 2140; x_wconf 79' lang='grc' dir='ltr'>ἢ</span> <span class='ocrx_word' id='word_1_126' title='bbox 548 2062 766 2148; x_wconf 79' lang='grc' dir='ltr'><strong><em>παρατροπῆς</em></strong></span> <span class='ocrx_word' id='word_1_127' title='bbox 802 2059 998 2148; x_wconf 77' lang='grc' dir='ltr'><em>φαντασιῶν</em></span> <span class='ocrx_word' id='word_1_128' title='bbox 1026 2052 1048 2137; x_wconf 81' lang='grc' dir='ltr'>ἢ</span> <span class='ocrx_word' id='word_1_129' title='bbox 1075 2052 1182 2123; x_wconf 88' lang='grc' dir='ltr'><em>άλλσυ</em></span> 
     </span>
     <span class='ocr_line' id='line_1_17' title="bbox 125 2167 1181 2254; baseline -0.005 -15"><span class='ocrx_word' id='word_1_130' title='bbox 125 2169 214 2251; x_wconf 78' lang='grc' dir='ltr'><em>τινὸς</em></span> <span class='ocrx_word' id='word_1_131' title='bbox 235 2169 402 2250; x_wconf 83' lang='grc' dir='ltr'><em>τοιούτου,</em></span> <span class='ocrx_word' id='word_1_132' title='bbox 431 2170 552 2237; x_wconf 77' lang='grc' dir='ltr'><em>ὁποῖον</em></span> <span class='ocrx_word' id='word_1_133' title='bbox 571 2167 868 2254; x_wconf 77' lang='grc' dir='ltr'><em>ὑπολαμβάνουσιν</em></span> <span class='ocrx_word' id='word_1_134' title='bbox 893 2172 925 2234; x_wconf 88' lang='grc' dir='ltr'><em>σί</em></span> <span class='ocrx_word' id='word_1_135' title='bbox 948 2169 1084 2248; x_wconf 72' lang='grc' dir='ltr'><em>πολλσίς</em></span> <span class='ocrx_word' id='word_1_136' title='bbox 1112 2190 1181 2234; x_wconf 85' lang='grc' dir='ltr'><em>τοι·</em></span> 
     </span>
     <span class='ocr_line' id='line_1_18' title="bbox 125 2274 1181 2364; baseline -0.009 -14"><span class='ocrx_word' id='word_1_137' title='bbox 125 2286 214 2350; x_wconf 81' lang='grc' dir='ltr'><strong><em>αὕτα</em></strong></span> <span class='ocrx_word' id='word_1_138' title='bbox 235 2279 278 2364; x_wconf 79' lang='grc' dir='ltr'><em>δὴ</em></span> <span class='ocrx_word' id='word_1_139' title='bbox 299 2274 359 2348; x_wconf 80' lang='grc' dir='ltr'><em>οὖν</em></span> <span class='ocrx_word' id='word_1_140' title='bbox 381 2285 465 2348; x_wconf 71' lang='grc' dir='ltr'><em>ἔστω</em></span> <span class='ocrx_word' id='word_1_141' title='bbox 486 2285 541 2347; x_wconf 86' lang='grc' dir='ltr'><em>καί</em></span> <span class='ocrx_word' id='word_1_142' title='bbox 564 2274 608 2344; x_wconf 79' lang='grc' dir='ltr'><em>τά</em></span> <span class='ocrx_word' id='word_1_143' title='bbox 628 2281 712 2344; x_wconf 69' lang='grc' dir='ltr'><em>θεία</em></span> <span class='ocrx_word' id='word_1_144' title='bbox 742 2275 901 2364; x_wconf 82' lang='grc' dir='ltr'><em>τεκμήρια</em></span> <span class='ocrx_word' id='word_1_145' title='bbox 929 2280 989 2356; x_wconf 79' lang='grc' dir='ltr'><em>τῆς</em></span> <span class='ocrx_word' id='word_1_146' title='bbox 1011 2274 1181 2357; x_wconf 71' lang='grc' dir='ltr'><em>ἀληθινῆς</em></span> 
     </span>
    </p>
   </div>
   <div class='ocr_carea' id='block_1_5' title="bbox 196 2555 1180 2719">
    <p class='ocr_par' dir='ltr' id='par_1_5' title="bbox 196 2555 1180 2719">
     <span class='ocr_line' id='line_1_19' title="bbox 196 2555 1179 2631; baseline -0.01 -11"><span class='ocrx_word' id='word_1_147' title='bbox 196 2568 220 2619; x_wconf 81' lang='lat'><em>2.</em></span> <span class='ocrx_word' id='word_1_148' title='bbox 249 2563 339 2631; x_wconf 82' lang='grc' dir='ltr'><em>σκάπῳ</em></span> <span class='ocrx_word' id='word_1_149' title='bbox 357 2562 392 2615; x_wconf 87' lang='lat' dir='ltr'><em>D.</em></span> <span class='ocrx_word' id='word_1_150' title='bbox 466 2565 490 2615; x_wconf 85' lang='grc'><em>7.</em></span> <span class='ocrx_word' id='word_1_151' title='bbox 518 2556 615 2626; x_wconf 82' lang='grc' dir='ltr'><em>ἐκεῖσε]</em></span> <span class='ocrx_word' id='word_1_152' title='bbox 634 2559 669 2612; x_wconf 87' lang='lat' dir='ltr'>sic</span> <span class='ocrx_word' id='word_1_153' title='bbox 689 2557 769 2622; x_wconf 72' lang='lat' dir='ltr'>Aci),</span> <span class='ocrx_word' id='word_1_154' title='bbox 796 2563 847 2612; x_wconf 80' lang='grc' dir='ltr'><em>ἐκεῖ</em></span> <span class='ocrx_word' id='word_1_155' title='bbox 865 2559 898 2613; x_wconf 94' lang='grc'><em>0.</em></span> <span class='ocrx_word' id='word_1_156' title='bbox 971 2559 996 2610; x_wconf 82' lang='grc'><em>9.</em></span> <span class='ocrx_word' id='word_1_157' title='bbox 1025 2558 1121 2628; x_wconf 87' lang='grc' dir='ltr'><em>πληροῖ</em></span> <span class='ocrx_word' id='word_1_158' title='bbox 1138 2555 1179 2624; x_wconf 82' lang='grc' dir='ltr'><em>τε]</em></span> 
     </span>
     <span class='ocr_line' id='line_1_20' title="bbox 196 2638 1180 2719; baseline -0.008 -18"><span class='ocrx_word' id='word_1_159' title='bbox 196 2650 231 2702; x_wconf 87' lang='lat' dir='ltr'>sic</span> <span class='ocrx_word' id='word_1_160' title='bbox 244 2650 289 2704; x_wconf 78' lang='lat' dir='ltr'><em>Ac</em></span> <span class='ocrx_word' id='word_1_161' title='bbox 308 2663 332 2702; x_wconf 88' lang='lat' dir='ltr'>et</span> <span class='ocrx_word' id='word_1_162' title='bbox 349 2667 427 2715; x_wconf 74' lang='lat' dir='ltr'>marg.</span> <span class='ocrx_word' id='word_1_163' title='bbox 445 2647 481 2708; x_wconf 85' lang='grc' dir='ltr'><em>Β,</em></span> <span class='ocrx_word' id='word_1_164' title='bbox 501 2649 595 2719; x_wconf 86' lang='grc' dir='ltr'><em>πληροῖ</em></span> <span class='ocrx_word' id='word_1_165' title='bbox 611 2647 656 2699; x_wconf 82' lang='grc' dir='ltr'><em>καὶ</em></span> <span class='ocrx_word' id='word_1_166' title='bbox 672 2644 710 2707; x_wconf 80' lang='lat' dir='ltr'><em>D,</em></span> <span class='ocrx_word' id='word_1_167' title='bbox 734 2647 861 2717; x_wconf 80' lang='grc' dir='ltr'><em>πληροῖτο</em></span> <span class='ocrx_word' id='word_1_168' title='bbox 880 2645 913 2696; x_wconf 87' lang='grc' dir='ltr'><em>Ο.</em></span> <span class='ocrx_word' id='word_1_169' title='bbox 934 2638 947 2712; x_wconf 87' lang='grc' dir='ltr'><em>ΙΙ</em></span> <span class='ocrx_word' id='word_1_170' title='bbox 970 2644 1015 2695; x_wconf 82' lang='grc' dir='ltr'><em>καὶ</em></span> <span class='ocrx_word' id='word_1_171' title='bbox 1032 2640 1180 2713; x_wconf 83' lang='grc' dir='ltr'><em>ἐπικρατεῖ]</em></span> 
     </span>
    </p>
   </div>
   <div class='ocr_carea' id='block_1_6' title="bbox 197 2727 1180 2891">
    <p class='ocr_par' dir='ltr' id='par_1_6' title="bbox 197 2727 1180 2891">
     <span class='ocr_line' id='line_1_21' title="bbox 197 2727 1180 2807; baseline -0.007 -18"><span class='ocrx_word' id='word_1_172' title='bbox 197 2737 233 2789; x_wconf 77' lang='grc' dir='ltr'><em>εἰσ</em></span> <span class='ocrx_word' id='word_1_173' title='bbox 252 2739 282 2800; x_wconf 80' lang='grc' dir='ltr'><em>Α,</em></span> <span class='ocrx_word' id='word_1_174' title='bbox 299 2740 436 2807; x_wconf 81' lang='grc' dir='ltr'><em>ἐπικρατεῖ</em></span> <span class='ocrx_word' id='word_1_175' title='bbox 451 2734 485 2786; x_wconf 93' lang='grc'><em>0.</em></span> <span class='ocrx_word' id='word_1_176' title='bbox 569 2733 610 2785; x_wconf 85' lang='grc'><em>10.</em></span> <span class='ocrx_word' id='word_1_177' title='bbox 637 2730 783 2800; x_wconf 77' lang='grc' dir='ltr'><em>σννὴληφεν</em></span> <span class='ocrx_word' id='word_1_178' title='bbox 801 2728 831 2783; x_wconf 89' lang='lat' dir='ltr'><em>C.</em></span> <span class='ocrx_word' id='word_1_179' title='bbox 904 2732 946 2781; x_wconf 75' lang='lat' dir='ltr'><em>id.</em></span> <span class='ocrx_word' id='word_1_180' title='bbox 973 2732 1129 2800; x_wconf 69' lang='grc' dir='ltr'><em>παρεμπέσοι</em></span> <span class='ocrx_word' id='word_1_181' title='bbox 1146 2727 1180 2782; x_wconf 86' lang='grc' dir='ltr'><em>Ι).</em></span> 
     </span>
     <span class='ocr_line' id='line_1_22' title="bbox 206 2815 853 2891; baseline -0.011 -18"><span class='ocrx_word' id='word_1_182' title='bbox 206 2818 263 2891; x_wconf 70' lang='lat' dir='ltr'>lida</span> <span class='ocrx_word' id='word_1_183' title='bbox 280 2841 331 2873; x_wconf 85' lang='lat' dir='ltr'><em>nm.</em></span> <span class='ocrx_word' id='word_1_184' title='bbox 351 2820 404 2873; x_wconf 79' lang='grc' dir='ltr'><em>ΑΟ.</em></span> <span class='ocrx_word' id='word_1_185' title='bbox 477 2821 517 2871; x_wconf 85' lang='grc'><em>17.</em></span> <span class='ocrx_word' id='word_1_186' title='bbox 545 2815 595 2887; x_wconf 74' lang='grc' dir='ltr'><em>δὴ]</em></span> <span class='ocrx_word' id='word_1_187' title='bbox 611 2817 647 2870; x_wconf 80' lang='grc' dir='ltr'><em>εἰσ</em></span> <span class='ocrx_word' id='word_1_188' title='bbox 665 2816 723 2879; x_wconf 80' lang='grc' dir='ltr'><strong>ΑΙ),</strong></span> <span class='ocrx_word' id='word_1_189' title='bbox 750 2835 801 2868; x_wconf 88' lang='lat' dir='ltr'><em>om.</em></span> <span class='ocrx_word' id='word_1_190' title='bbox 820 2815 853 2867; x_wconf 87' lang='grc'><em>0.</em></span> 
     </span>
    </p>
   </div>
   <div class='ocr_carea' id='block_1_7' title="bbox 126 3061 1187 4332">
    <p class='ocr_par' dir='ltr' id='par_1_7' title="bbox 126 3061 1187 4332">
     <span class='ocr_line' id='line_1_23' title="bbox 127 3061 1182 3154; baseline -0.014 -21"><span class='ocrx_word' id='word_1_191' title='bbox 127 3080 209 3154; x_wconf 90' lang='lat' dir='ltr'>nique</span> <span class='ocrx_word' id='word_1_192' title='bbox 226 3072 357 3153; x_wconf 84' lang='lat' dir='ltr'>perficere</span> <span class='ocrx_word' id='word_1_193' title='bbox 379 3071 473 3128; x_wconf 79' lang='lat' dir='ltr'>valeat.</span> <span class='ocrx_word' id='word_1_194' title='bbox 522 3073 568 3148; x_wconf 91' lang='lat' dir='ltr'><em>qui</em></span> <span class='ocrx_word' id='word_1_195' title='bbox 592 3080 681 3127; x_wconf 89' lang='lat' dir='ltr'>autem</span> <span class='ocrx_word' id='word_1_196' title='bbox 702 3069 745 3125; x_wconf 82' lang='lat' dir='ltr'>his</span> <span class='ocrx_word' id='word_1_197' title='bbox 768 3066 854 3123; x_wconf 86' lang='lat' dir='ltr'>beatis</span> <span class='ocrx_word' id='word_1_198' title='bbox 877 3061 1039 3143; x_wconf 67' lang='lat' dir='ltr'>spectaculis</span> <span class='ocrx_word' id='word_1_199' title='bbox 1062 3062 1182 3119; x_wconf 80' lang='lat' dir='ltr'>frustrati</span> 
     </span>
     <span class='ocr_line' id='line_1_24' title="bbox 126 3149 1182 3241; baseline -0.016 -22"><span class='ocrx_word' id='word_1_200' title='bbox 126 3166 237 3241; x_wconf 88' lang='lat' dir='ltr'>spiritus</span> <span class='ocrx_word' id='word_1_201' title='bbox 256 3161 395 3218; x_wconf 88' lang='lat' dir='ltr'>deducunt</span> <span class='ocrx_word' id='word_1_202' title='bbox 410 3178 478 3236; x_wconf 89' lang='lat' dir='ltr'>quos</span> <span class='ocrx_word' id='word_1_203' title='bbox 496 3177 550 3213; x_wconf 92' lang='lat' dir='ltr'><em>nou</em></span> <span class='ocrx_word' id='word_1_204' title='bbox 567 3156 674 3224; x_wconf 82' lang='lat' dir='ltr'>vident,</span> <span class='ocrx_word' id='word_1_205' title='bbox 698 3155 850 3213; x_wconf 86' lang='lat' dir='ltr'>caecutiunt</span> <span class='ocrx_word' id='word_1_206' title='bbox 866 3169 979 3231; x_wconf 88' lang='lat' dir='ltr'>prorsus</span> <span class='ocrx_word' id='word_1_207' title='bbox 1001 3159 1136 3227; x_wconf 89' lang='lat' dir='ltr'>tamquam</span> <span class='ocrx_word' id='word_1_208' title='bbox 1153 3149 1182 3204; x_wconf 89' lang='lat' dir='ltr'><em>in</em></span> 
     </span>
     <span class='ocr_line' id='line_1_25' title="bbox 126 3234 1182 3324; baseline -0.014 -18"><span class='ocrx_word' id='word_1_209' title='bbox 126 3247 254 3315; x_wconf 86' lang='lat' dir='ltr'>tenebris,</span> <span class='ocrx_word' id='word_1_210' title='bbox 272 3266 360 3324; x_wconf 89' lang='lat' dir='ltr'>neque</span> <span class='ocrx_word' id='word_1_211' title='bbox 378 3245 523 3323; x_wconf 89' lang='lat' dir='ltr'>quidquam</span> <span class='ocrx_word' id='word_1_212' title='bbox 540 3240 693 3318; x_wconf 79' lang='lat' dir='ltr'>intelligunt</span> <span class='ocrx_word' id='word_1_213' title='bbox 710 3249 817 3318; x_wconf 88' lang='lat' dir='ltr'>praeter</span> <span class='ocrx_word' id='word_1_214' title='bbox 833 3258 917 3316; x_wconf 87' lang='lat' dir='ltr'>pauca</span> <span class='ocrx_word' id='word_1_215' title='bbox 929 3234 1072 3293; x_wconf 84' lang='lat' dir='ltr'><strong>admodum</strong></span> <span class='ocrx_word' id='word_1_216' title='bbox 1083 3234 1182 3291; x_wconf 87' lang='lat' dir='ltr'>iudicia</span> 
     </span>
     <span class='ocr_line' id='line_1_26' title="bbox 127 3316 1181 3412; baseline -0.015 -20"><span class='ocrx_word' id='word_1_217' title='bbox 127 3355 194 3412; x_wconf 90' lang='lat' dir='ltr'>quac</span> <span class='ocrx_word' id='word_1_218' title='bbox 212 3354 243 3390; x_wconf 90' lang='lat' dir='ltr'><em>se</em></span> <span class='ocrx_word' id='word_1_219' title='bbox 260 3331 430 3390; x_wconf 79' lang='lat' dir='ltr'>manifestant</span> <span class='ocrx_word' id='word_1_220' title='bbox 451 3334 480 3388; x_wconf 92' lang='lat' dir='ltr'><em>in</em></span> <span class='ocrx_word' id='word_1_221' title='bbox 501 3347 616 3408; x_wconf 87' lang='lat' dir='ltr'>corpore</span> <span class='ocrx_word' id='word_1_222' title='bbox 637 3325 754 3385; x_wconf 86' lang='lat' dir='ltr'>hominis</span> <span class='ocrx_word' id='word_1_223' title='bbox 777 3326 907 3402; x_wconf 84' lang='lat' dir='ltr'>correpti,</span> <span class='ocrx_word' id='word_1_224' title='bbox 932 3331 960 3380; x_wconf 90' lang='lat' dir='ltr'>et</span> <span class='ocrx_word' id='word_1_225' title='bbox 981 3316 1108 3379; x_wconf 85' lang='lat' dir='ltr'>nonnulla</span> <span class='ocrx_word' id='word_1_226' title='bbox 1130 3318 1181 3376; x_wconf 81' lang='lat' dir='ltr'>alis</span> 
     </span>
     <span class='ocr_line' id='line_1_27' title="bbox 126 3402 1185 3500; baseline -0.018 -22"><span class='ocrx_word' id='word_1_227' title='bbox 126 3442 175 3500; x_wconf 88' lang='lat' dir='ltr'>per</span> <span class='ocrx_word' id='word_1_228' title='bbox 196 3441 227 3477; x_wconf 92' lang='lat' dir='ltr'><em>se</em></span> <span class='ocrx_word' id='word_1_229' title='bbox 253 3429 358 3499; x_wconf 84' lang='lat' dir='ltr'>aperta,</span> <span class='ocrx_word' id='word_1_230' title='bbox 385 3421 538 3495; x_wconf 71' lang='lat' dir='ltr'><strong>ignorantes</strong></span> <span class='ocrx_word' id='word_1_231' title='bbox 565 3415 673 3471; x_wconf 82' lang='lat' dir='ltr'>interim</span> <span class='ocrx_word' id='word_1_232' title='bbox 695 3410 802 3468; x_wconf 80' lang='lat' dir='ltr'>divinae</span> <span class='ocrx_word' id='word_1_233' title='bbox 828 3408 1012 3488; x_wconf 75' lang='lat' dir='ltr'><strong>inspirationis</strong></span> <span class='ocrx_word' id='word_1_234' title='bbox 1038 3402 1185 3484; x_wconf 77' lang='lat' dir='ltr'><em>praecipua¹</em></span> 
     </span>
     <span class='ocr_line' id='line_1_28' title="bbox 127 3492 1183 3583; baseline -0.017 -19"><span class='ocrx_word' id='word_1_235' title='bbox 127 3509 214 3564; x_wconf 90' lang='lat' dir='ltr'>omnia</span> <span class='ocrx_word' id='word_1_236' title='bbox 233 3526 300 3582; x_wconf 90' lang='lat' dir='ltr'>quae</span> <span class='ocrx_word' id='word_1_237' title='bbox 318 3502 555 3583; x_wconf 72' lang='lat' dir='ltr'>latentiisignota.</span> <span class='ocrx_word' id='word_1_238' title='bbox 602 3499 650 3555; x_wconf 88' lang='lat' dir='ltr'><em>sed</em></span> <span class='ocrx_word' id='word_1_239' title='bbox 662 3494 744 3556; x_wconf 81' lang='lat' dir='ltr'>redeo</span> <span class='ocrx_word' id='word_1_240' title='bbox 757 3496 983 3553; x_wconf 86' lang='lat' dir='ltr'>iterumiuviam.</span> <span class='ocrx_word' id='word_1_241' title='bbox 1029 3492 1183 3569; x_wconf 76' lang='lat' dir='ltr'>cumigitor</span> 
     </span>
     <span class='ocr_line' id='line_1_29' title="bbox 127 3578 1186 3667; baseline -0.014 -18"><span class='ocrx_word' id='word_1_242' title='bbox 127 3592 213 3650; x_wconf 88' lang='lat' dir='ltr'>divini</span> <span class='ocrx_word' id='word_1_243' title='bbox 230 3592 302 3667; x_wconf 81' lang='lat' dir='ltr'>ignis</span> <span class='ocrx_word' id='word_1_244' title='bbox 319 3586 454 3644; x_wconf 86' lang='lat' dir='ltr'>affluentia</span> <span class='ocrx_word' id='word_1_245' title='bbox 472 3585 603 3664; x_wconf 86' lang='lat' dir='ltr'>quaedam</span> <span class='ocrx_word' id='word_1_246' title='bbox 620 3593 648 3640; x_wconf 89' lang='lat' dir='ltr'>et</span> <span class='ocrx_word' id='word_1_247' title='bbox 665 3578 809 3640; x_wconf 80' lang='lat' dir='ltr'>ineffabilis</span> <span class='ocrx_word' id='word_1_248' title='bbox 827 3578 936 3637; x_wconf 89' lang='lat' dir='ltr'>luminis</span> <span class='ocrx_word' id='word_1_249' title='bbox 955 3579 1061 3657; x_wconf 83' lang='lat' dir='ltr'>specics</span> <span class='ocrx_word' id='word_1_250' title='bbox 1085 3578 1186 3667; x_wconf 66' lang='lat' dir='ltr'><em>extrin-¹</em></span> 
     </span>
     <span class='ocr_line' id='line_1_30' title="bbox 127 3662 1184 3753; baseline -0.017 -19"><span class='ocrx_word' id='word_1_251' title='bbox 127 3697 207 3736; x_wconf 86' lang='lat' dir='ltr'>secus</span> <span class='ocrx_word' id='word_1_252' title='bbox 225 3682 358 3753; x_wconf 86' lang='lat' dir='ltr'>occupato</span> <span class='ocrx_word' id='word_1_253' title='bbox 376 3670 495 3741; x_wconf 83' lang='lat' dir='ltr'>incubet,</span> <span class='ocrx_word' id='word_1_254' title='bbox 516 3668 681 3750; x_wconf 76' lang='lat' dir='ltr'><strong>impleatque</strong></span> <span class='ocrx_word' id='word_1_255' title='bbox 698 3671 786 3747; x_wconf 86' lang='lat' dir='ltr'>ipsum</span> <span class='ocrx_word' id='word_1_256' title='bbox 804 3673 903 3732; x_wconf 82' lang='lat' dir='ltr'>totum,</span> <span class='ocrx_word' id='word_1_257' title='bbox 921 3664 1083 3742; x_wconf 88' lang='lat' dir='ltr'>penitusque</span> <span class='ocrx_word' id='word_1_258' title='bbox 1101 3663 1127 3718; x_wconf 92' lang='lat' dir='ltr'>ei</span> <span class='ocrx_word' id='word_1_259' title='bbox 1144 3662 1184 3717; x_wconf 92' lang='lat' dir='ltr'><em>in·</em></span> 
     </span>
     <span class='ocr_line' id='line_1_31' title="bbox 126 3744 1184 3835; baseline -0.018 -15"><span class='ocrx_word' id='word_1_260' title='bbox 126 3762 246 3822; x_wconf 78' lang='lat' dir='ltr'>valescat</span> <span class='ocrx_word' id='word_1_261' title='bbox 264 3770 292 3817; x_wconf 92' lang='lat' dir='ltr'>et</span> <span class='ocrx_word' id='word_1_262' title='bbox 309 3760 515 3835; x_wconf 82' lang='lat' dir='ltr'><em>circumquaque</em></span> <span class='ocrx_word' id='word_1_263' title='bbox 532 3757 560 3813; x_wconf 93' lang='lat' dir='ltr'><em>in</em></span> <span class='ocrx_word' id='word_1_264' title='bbox 578 3776 609 3813; x_wconf 92' lang='lat' dir='ltr'><em>se</em></span> <span class='ocrx_word' id='word_1_265' title='bbox 626 3752 828 3833; x_wconf 80' lang='lat' dir='ltr'>complectatur,</span> <span class='ocrx_word' id='word_1_266' title='bbox 852 3748 920 3805; x_wconf 89' lang='lat' dir='ltr'>adeo</span> <span class='ocrx_word' id='word_1_267' title='bbox 938 3758 968 3804; x_wconf 82' lang='lat' dir='ltr'><em>ut</em></span> <span class='ocrx_word' id='word_1_268' title='bbox 985 3744 1086 3805; x_wconf 84' lang='lat' dir='ltr'>nnllam</span> <span class='ocrx_word' id='word_1_269' title='bbox 1103 3755 1184 3825; x_wconf 87' lang='lat' dir='ltr'>queat</span> 
     </span>
     <span class='ocr_line' id='line_1_32' title="bbox 128 3831 1184 3925; baseline -0.018 -19"><span class='ocrx_word' id='word_1_270' title='bbox 128 3852 260 3908; x_wconf 87' lang='lat' dir='ltr'><em>actionem</em></span> <span class='ocrx_word' id='word_1_271' title='bbox 276 3863 405 3925; x_wconf 80' lang='lat' dir='ltr'>peragere</span> <span class='ocrx_word' id='word_1_272' title='bbox 420 3843 568 3921; x_wconf 64' lang='lat' dir='ltr'>propriam,</span> <span class='ocrx_word' id='word_1_273' title='bbox 584 3843 707 3919; x_wconf 87' lang='lat' dir='ltr'>quisnam</span> <span class='ocrx_word' id='word_1_274' title='bbox 725 3855 821 3892; x_wconf 88' lang='lat' dir='ltr'>seusus</span> <span class='ocrx_word' id='word_1_275' title='bbox 838 3835 1012 3913; x_wconf 87' lang='lat' dir='ltr'>perceptiove</span> <span class='ocrx_word' id='word_1_276' title='bbox 1028 3842 1056 3889; x_wconf 91' lang='lat' dir='ltr'>et</span> <span class='ocrx_word' id='word_1_277' title='bbox 1068 3831 1184 3891; x_wconf 85' lang='lat' dir='ltr'>animad-</span> 
     </span>
     <span class='ocr_line' id='line_1_33' title="bbox 127 3918 1184 4012; baseline -0.021 -20"><span class='ocrx_word' id='word_1_278' title='bbox 127 3938 217 3992; x_wconf 83' lang='lat' dir='ltr'>versio</span> <span class='ocrx_word' id='word_1_279' title='bbox 236 3933 345 4012; x_wconf 86' lang='lat' dir='ltr'>propria</span> <span class='ocrx_word' id='word_1_280' title='bbox 363 3938 455 4007; x_wconf 88' lang='lat' dir='ltr'>potest</span> <span class='ocrx_word' id='word_1_281' title='bbox 472 3927 569 3985; x_wconf 80' lang='lat' dir='ltr'>adesse</span> <span class='ocrx_word' id='word_1_282' title='bbox 585 3926 675 3983; x_wconf 85' lang='lat' dir='ltr'>animo</span> <span class='ocrx_word' id='word_1_283' title='bbox 693 3923 813 3979; x_wconf 84' lang='lat' dir='ltr'>divinum</span> <span class='ocrx_word' id='word_1_284' title='bbox 829 3921 918 3997; x_wconf 76' lang='lat' dir='ltr'>ignem</span> <span class='ocrx_word' id='word_1_285' title='bbox 936 3918 1111 3998; x_wconf 66' lang='lat' dir='ltr'>suscipienti?</span> <span class='ocrx_word' id='word_1_286' title='bbox 1128 3925 1184 3980; x_wconf 80' lang='lat' dir='ltr'>aut</span> 
     </span>
     <span class='ocr_line' id='line_1_34' title="bbox 129 4002 1187 4099; baseline -0.023 -21"><span class='ocrx_word' id='word_1_287' title='bbox 129 4041 196 4099; x_wconf 88' lang='lat' dir='ltr'>quae</span> <span class='ocrx_word' id='word_1_288' title='bbox 218 4031 282 4076; x_wconf 88' lang='lat' dir='ltr'>tunc</span> <span class='ocrx_word' id='word_1_289' title='bbox 305 4016 467 4074; x_wconf 84' lang='lat' dir='ltr'>intervenire</span> <span class='ocrx_word' id='word_1_290' title='bbox 489 4014 579 4092; x_wconf 89' lang='lat' dir='ltr'>possit</span> <span class='ocrx_word' id='word_1_291' title='bbox 598 4010 713 4067; x_wconf 87' lang='lat' dir='ltr'>humana</span> <span class='ocrx_word' id='word_1_292' title='bbox 731 4010 813 4064; x_wconf 89' lang='lat' dir='ltr'>motio</span> <span class='ocrx_word' id='word_1_293' title='bbox 836 4016 883 4062; x_wconf 90' lang='lat' dir='ltr'>aut</span> <span class='ocrx_word' id='word_1_294' title='bbox 904 4003 1026 4064; x_wconf 82' lang='lat' dir='ltr'>obsessio</span> <span class='ocrx_word' id='word_1_295' title='bbox 1048 4002 1187 4083; x_wconf 79' lang='lat' dir='ltr'>passionis</span> 
     </span>
     <span class='ocr_line' id='line_1_35' title="bbox 129 4082 1186 4176; baseline -0.021 -13"><span class='ocrx_word' id='word_1_296' title='bbox 129 4108 271 4175; x_wconf 80' lang='lat' dir='ltr'>humanae,</span> <span class='ocrx_word' id='word_1_297' title='bbox 295 4114 324 4161; x_wconf 87' lang='lat' dir='ltr'>et</span> <span class='ocrx_word' id='word_1_298' title='bbox 340 4113 477 4160; x_wconf 88' lang='lat' dir='ltr'>ecstaseos</span> <span class='ocrx_word' id='word_1_299' title='bbox 494 4109 541 4156; x_wconf 89' lang='lat' dir='ltr'>aut</span> <span class='ocrx_word' id='word_1_300' title='bbox 557 4096 714 4176; x_wconf 82' lang='lat' dir='ltr'>phantasiae</span> <span class='ocrx_word' id='word_1_301' title='bbox 731 4095 879 4152; x_wconf 84' lang='lat' dir='ltr'>aversionis</span> <span class='ocrx_word' id='word_1_302' title='bbox 897 4102 942 4148; x_wconf 88' lang='lat' dir='ltr'>aut</span> <span class='ocrx_word' id='word_1_303' title='bbox 960 4090 1104 4169; x_wconf 83' lang='lat' dir='ltr'>quidquam</span> <span class='ocrx_word' id='word_1_304' title='bbox 1121 4082 1186 4153; x_wconf 63' lang='grc' dir='ltr'><em>λεῖπ’</em></span> 
     </span>
     <span class='ocr_line' id='line_1_36' title="bbox 130 4168 1187 4269; baseline -0.021 -19"><span class='ocrx_word' id='word_1_305' title='bbox 130 4189 352 4269; x_wconf 80' lang='lat' dir='ltr'>quemadmodum</span> <span class='ocrx_word' id='word_1_306' title='bbox 370 4186 448 4263; x_wconf 84' lang='lat' dir='ltr'>multi</span> <span class='ocrx_word' id='word_1_307' title='bbox 466 4184 595 4261; x_wconf 76' lang='lat' dir='ltr'>credunt?</span> <span class='ocrx_word' id='word_1_308' title='bbox 639 4180 706 4239; x_wconf 80' lang='lat' dir='ltr'>haec</span> <span class='ocrx_word' id='word_1_309' title='bbox 724 4183 804 4259; x_wconf 76' lang='lat' dir='ltr'>igitur</span> <span class='ocrx_word' id='word_1_310' title='bbox 815 4182 871 4239; x_wconf 88' lang='lat' dir='ltr'>sint</span> <span class='ocrx_word' id='word_1_311' title='bbox 882 4178 989 4249; x_wconf 81' lang='lat' dir='ltr'>divinae</span> <span class='ocrx_word' id='word_1_312' title='bbox 1000 4168 1187 4253; x_wconf 74' lang='lat' dir='ltr'>inspirationis</span> 
     </span>
     <span class='ocr_line' id='line_1_37' title="bbox 998 4284 1016 4332; baseline 0 0"><span class='ocrx_word' id='word_1_313' title='bbox 998 4284 1016 4332; x_wconf 88' lang='lat'>8</span> 
     </span>
    </p>
   </div>
   <div class='ocr_carea' id='block_1_8' title="bbox 0 0 1399 4876">
    <p class='ocr_par' dir='ltr' id='par_1_8' title="bbox 0 0 1399 4876">
     <span class='ocr_line' id='line_1_38' title="bbox 0 0 1399 4876; baseline 0 0"><span class='ocrx_word' id='word_1_314' title='bbox 0 0 1399 4876; x_wconf 95' lang='lat' dir='ltr'><em> </em></span> 
     </span>
    </p>
   </div>
  </div>
 </body>
</html>
