2776 4876
149 325 186 380 88
1154 318 1206 380 ‘Ml

152 475 317 567 ἄχραντον
346 474 550 543 κατάστασιν
578 472 699 561 νοεράν
727 497 761 539 τε
796 476 946 559 θεωρίαν
980 475 1037 539 καὶ
1066 469 1208 558 δύναμιν

151 586 312 678 ἄτρεπτον
325 582 663 675 παραλαμβάνουσιν·
686 587 738 650 ἐπὶ
754 585 789 651 δὲ
804 585 868 649 τῶν
884 581 1030 667 ἀγγέλων
1046 578 1107 664 τὴν
1122 578 1208 648 κατὰ

151 697 252 786 λόγον
274 703 400 790 σοφίαν
420 701 476 764 καὶ
499 693 674 778 ἀλήθειαν,
697 691 817 782 ἀρετήν
840 718 873 759 τε
896 689 1059 782 καθαρὰν
1080 698 1137 761 καὶ
1151 695 1241 779 βου

150 813 255 898 stolon
268 812 389 896 γνῶσιν
404 811 460 875 καὶ
474 805 568 888 τάξιν
583 803 770 894 σύμμετρον
785 804 1105 893 μεταλαγχάνουσιν’
1125 801 1209 872 ὅταν

152 925 186 990 δὲ
209 916 285 999 τούς
308 922 470 1005 δαίμονας
492 919 675 1004 θεωρῶσιν,
697 913 805 1000 ὄρεξιν
827 918 885 997 τῆς
907 922 1061 1000 γενέσεως
1077 920 1133 984 καὶ
1149 919 1209 996 τῆς

151 1029 281 1125 φάσεως
303 1032 487 1116 ἐπιθυμίαν
510 1033 575 1096 τῶν
597 1052 633 1094 τε
655 1025 739 1093 καθ’
760 1031 959 1113 εἱμαρμένην
989 1031 1092 1117 έργων
1121 1026 1243 1096 ἀπο-6

151 1139 329 1230 πλήρωσιν,
357 1137 498 1225 δύναμίν
519 1164 554 1206 τε
577 1133 830 1218 άποτελεστικὴν
856 1135 1101 1205 τῶντοιούτων
1123 1134 1209 1226 πρά-

152 1252 233 1334 ξεων
254 1254 514 1342 παραδέχονται·
538 1246 597 1317 ὲολν
620 1251 654 1316 δὲ
676 1245 753 1327 τοτἰς
774 1245 893 1337 ἥρωας,
917 1244 1004 1314 άλλα
1019 1272 1054 1315 τε
1069 1251 1208 1316 τοιαῦτα

152 1361 226 1446 ἤθη
243 1363 481 1455 ἀποφέρονται,
502 1365 558 1427 καὶ
575 1362 640 1426 τῶν
655 1357 885 1427 διατεινόντων
900 1366 944 1436 είς
959 1356 1019 1440 τήν
1033 1362 1210 1425 κοινωνίαν
1227 1375 1244 1425 υ

151 1479 267 1564 ψυχῶν
280 1470 389 1542 πολλοὶ
404 1468 647 1557 σπουδάσματα
661 1467 991 1556 μεταλαμβάνουσιν·
1007 1469 1105 1550 ἡνίκα
1120 1467 1151 1536 δ’
1166 1463 1210 1536 άν

153 1597 223 1663 τοῖς
245 1582 404 1672 ἄρχουσιν
426 1580 640 1661 ενάπτωνται,
662 1585 816 1668 κοσμικαὶ
838 1578 980 1662 κινήσεις
1002 1577 1025 1662 ἢ
1047 1584 1156 1650 ένυλοι
1170 1584 1210 1670 τῇ

152 1699 242 1789 ψυχῇ
262 1700 499 1781 συγκινοῦνται.
543 1690 627 1777 μετὰ
650 1694 684 1759 δὲ
707 1695 766 1773 τῆς
790 1695 876 1770 θέας
897 1694 962 1760 τῶν
985 1695 1099 1783 ψυχῶν
1120 1716 1210 1777 γενε-
1229 1705 1263 1756 12

153 1802 329 1895 σιουργοδς
361 1811 488 1897 ἐφέσεις
523 1808 579 1872 καὶ
608 1812 768 1904 συμφυεῖς
797 1789 990 1881 ἐπιστασίας
1019 1804 1210 1889 κομίζονται

154 1923 247 1985 ἕνεκα
270 1921 329 1998 τῆς
351 1921 416 1984 τῶν
438 1912 600 2003 σωμάτων
623 1915 815 2000 ἐπιμελείας,
837 1909 924 1980 ἄλλα
945 1938 980 1980 τε
1004 1911 1069 1981 ὅσα
1084 1911 1210 1981 τούτων

153 2031 244 2096 λστλν
266 2026 416 2115 ἐχόμενα.
1230 2045 1262 2096 15

242 2135 320 2206 Σὺν
342 2133 384 2219 δὴ
406 2134 534 2215 τούτοις
550 2136 571 2217 ἡ
587 2139 647 2221 μὲν
661 2137 727 2202 τῶν
743 2137 835 2202 θεῶν
849 2134 1025 2227 ἐπιφάνεια
1041 2132 1211 2216 ἀλήθειαν

152 2253 286 2338 παρέχει
300 2252 356 2316 καὶ
371 2245 519 2334 δύναμιν,
534 2250 637 2335 ἔργων
651 2271 686 2313 τε
698 2243 926 2334 κατορθώσεις
933 2250 989 2314 καὶ
1000 2243 1109 2324 δόσεις
1126 2245 1211 2330 olyn-

154 2362 230 2425 θῶν
253 2363 423 2447 μεγίστων,
446 2358 467 2440 ἡ
490 2360 525 2425 δὲ
548 2361 612 2424 τῶν
628 2353 737 2424 άλλων
752 2353 795 2422 τὰ
810 2355 980 2446 σύμμετρα
995 2361 1047 2424 ἐπὶ
1063 2360 1122 2439 τῆς
1135 2354 1211 2422 ἑκά·
1229 2372 1263 2423 18

225 2591 249 2643 3.
276 2587 387 2660 σοφίαν]
406 2589 568 2659 φιλοσοφίαν
587 2587 616 2639 C.
671 2589 695 2641 6.
709 2590 733 2640 7.
762 2585 952 2661 άπαπλὴρωσις
971 2588 1027 2641 CD.
1082 2591 1107 2642 9.
1135 2585 1210 2640 εἶπο-

223 2678 364 2745 patronos
381 2674 415 2728 D.
487 2676 530 2726 ll.
559 2674 688 2742 κοσμικὰς
712 2673 815 2728 ABCD.
837 2671 849 2744 ΙΙ
870 2674 973 2736 ἐνάλους
992 2677 1030 2735 Α,
1056 2676 1134 2726 ένυλα
1153 2673 1210 2736 BD,

223 2763 313 2813 ὲνυλου
332 2758 361 2814 C.
452 2761 493 2813 16.
518 2753 639 2826 ἀλήθεια
656 2758 688 2810 Β.
779 2760 821 2813 li.
849 2759 894 2827 τε]
913 2761 941 2813 tt
960 2763 992 2812 Α.
1083 2760 1126 2812 18.
1154 2774 1210 2811 ante

223 2850 354 2916 μεγίστων
373 2843 445 2896 acl)
465 2845 560 2896 addunt
577 2846 635 2897 τῶν.

154 3062 281 3117 stantiam
301 3059 430 3136 quandam
448 3081 550 3138 puram,
569 3060 821 3139 contemplationem
839 3061 1054 3129 intellectualem,
1072 3071 1100 3117 et
1117 3071 1211 3138 poten·

154 3149 217 3203 tiam
235 3144 438 3205 immutabilem:
463 3146 578 3224 angelis,
601 3149 732 3204 rationem
750 3149 908 3225 sapientiam
925 3150 1064 3204 veritatem
1082 3149 1211 3222 cognitio-

154 3251 215 3290 nem
232 3252 338 3310 puram,
362 3234 489 3289 mantem
507 3234 623 3301 firmam,
648 3243 891 3310 congruentemqno
913 3233 1034 3290 ordinem
1052 3235 1210 3289 sortiuntur.

153 3322 178 3376 si
196 3319 338 3376 daemonas
357 3320 536 3396 conspiciunt,
554 3322 691 3397 arripiunt
702 3320 735 3376 ab
748 3322 783 3375 iis
795 3321 974 3396 generationis
991 3321 1147 3397 appetitum,
1165 3338 1212 3373 na-

153 3415 229 3463 turae
246 3404 428 3483 cupiditatem,
446 3423 557 3482 operum
575 3425 643 3481 qnae
661 3415 725 3462 sunt
742 3407 793 3463 sub
811 3404 866 3461 fato
885 3416 913 3462 et
930 3405 1064 3462 eiusmodi
1075 3408 1212 3462 actionum

16 3551 41 3576 ο
152 3492 301 3567 potentiam
320 3489 484 3568 adimplendi
502 3490 721 3568 perficiendique.
768 3495 792 3549 si
804 3491 899 3548 heroas
910 3491 1037 3560 viderint,
1056 3489 1211 3548 huiusmodi

154 3575 264 3651 quidem
280 3595 369 3632 mores
388 3586 533 3654 reportant,
551 3577 601 3633 sed
618 3587 646 3633 ot
663 3577 782 3634 studium
799 3588 828 3635 et
845 3581 960 3656 impetus
973 3581 1020 3654 qni
1032 3576 1212 3633 insonabas

154 3657 261 3718 civilem
274 3665 504 3719 conversationem
515 3662 700 3720 affectantibus
708 3663 945 3741 deprehenduntnr
955 3663 1075 3720 induunt
1103 3663 1212 3740 qnando

154 3745 297 3802 archontes
315 3751 499 3825 apparuerint,
522 3758 568 3804 aut
585 3747 712 3804 mundani
729 3759 817 3804 motus
839 3761 885 3806 ant
907 3750 1058 3807 materiales
1080 3768 1132 3806 una
1151 3769 1213 3805 enm

155 3831 242 3886 anima
265 3843 472 3889 commoventur.
519 3844 585 3911 post
605 3838 707 3890 animas
728 3837 802 3891 visas
824 3838 961 3914 appetitus
982 3838 1162 3912 generationis
1184 3845 1213 3890 et

154 3914 302 3975 naturalem
319 3936 463 3994 corporum
480 3938 579 3987 euram,
598 3931 625 3976 et
642 3922 667 3976 si
684 3941 736 3997 qua
754 3930 818 3978 sunt
834 3921 878 3978 bis
896 3922 984 3988 affinia
1002 3931 1147 4000 reportant.

225 4000 365 4058 Ρτεείεεοε
384 4002 496 4058 deornm
513 4003 644 4063 adventus
661 4007 772 4086 praebet
789 4010 937 4077 veritatem,
959 4019 1129 4088 potestatam,
1149 4026 1212 4084 ope·

156 4106 267 4166 rumque
290 4088 419 4167 optimam
441 4089 612 4146 ellectionem
637 4103 665 4149 et
686 4095 818 4151 bonorum
843 4097 1018 4152 maximorum
1041 4094 1211 4170 largitiones:

157 4183 305 4232 ceterorum
323 4175 461 4232 numinum
479 4176 686 4252 apparitionis
704 4179 845 4237 ordinibus
862 4184 971 4259 propria
994 4191 1022 4237 et
1039 4181 1211 4256 congruentia
