2776 4876
163 343 214 397 ll‘l
1143 338 1169 404 3,
1181 341 1214 392 17

163 500 257 588 σαφῆ
279 499 334 563 καί
355 490 503 580 γνώριμα
524 498 580 560 καὶ
602 491 703 576 λόγον
724 498 902 579 μετέχοντα
924 495 980 559 καί
995 490 1215 581 ἀφωρισμίνα

162 615 232 684 τοῖς
253 608 311 687 τῆς
333 602 476 686 νοήσεως
503 611 646 693 μίτροις,
674 607 783 672 καίτοι
810 606 936 689 μηδένα
965 601 1066 687 λόγον
1084 607 1217 691 ίχοντα

162 717 226 808 ἀφ’
252 718 384 783 ἑαυτῶν.
431 719 486 782 καί
519 711 602 783 ἀλλο
636 713 678 796 δή
709 719 742 782 τί
770 741 829 801 μοι
858 719 947 782 δοκεῖ
978 713 1153 798 δαιμόνιόν
1183 732 1249 782 roa

108 907 112 914 ι
161 831 291 912 θαῦμα,
314 824 333 893 ό
355 824 440 903 θεὸς
462 834 496 894 ἐν
518 824 653 904 τούτοις
668 829 885 912 διασημαίνει.
931 822 1038 911 ὥσπερ
1059 822 1126 912 γάρ
1149 833 1163 892 ὲ
1185 831 1214 892 ί-
1269 844 1272 852 ’

162 963 215 1005 ors
244 943 310 1006 τῶν
336 938 502 1021 εὐηθικῶν
532 933 607 1005 τινά
635 936 826 1024 ἀνθρώπων
859 948 946 1005 ποιεῖ
977 941 1102 1028 σοφίας
1130 934 1215 1023 μετά

161 1047 262 1134 λόγον
290 1049 591 1141 ἀποφθέγγεσθαι,
620 1048 660 1115 δι’
687 1041 726 1114 οὗ
754 1052 837 1115 πᾶσι
864 1045 1055 1130 κατάδηίων
1080 1054 1250 1136 γίνεταιο

161 1158 204 1238 ὡς
226 1160 285 1228 οὐκ
306 1158 525 1250 ἀνθρώπινόν
547 1185 587 1241 τι,
610 1161 708 1226 θεῖον
730 1163 765 1227 δὲ
786 1155 828 1227 τό
848 1163 944 1247 ίργον
966 1165 1036 1227 ἐστὶ
1056 1155 1098 1228 τό
1119 1185 1214 1246 γεγο-

160 1268 231 1350 νός,
265 1269 350 1340 οὕτω
379 1269 435 1339 διὰ
463 1274 528 1339 τῶν
555 1271 825 1359 ἀπεστερημένων
857 1268 1006 1354 γντόσεως
1033 1267 1075 1337 τά
1105 1273 1214 1352 πόσης

161 1378 310 1464 γνώσεως
331 1391 514 1471 προέχοντα
542 1382 695 1468 νοήματα
719 1379 957 1449 ἀποκαλύπτει·
986 1381 1118 1450 κάκεῖνο
1141 1379 1213 1468 ἀμα
1233 1398 1249 1448 9

162 1491 342 1584 ἀναφαίνει
362 1504 432 1572 τοῖς
453 1492 649 1582 ἀνθρώποις
671 1493 714 1572 ἀς
734 1497 873 1572 πίστεως
901 1489 980 1574 ἀξια
1009 1491 1148 1581 ὑπάρχει
1170 1489 1213 1559 τά

162 1602 357 1689 δεικνύμενα,
373 1617 503 1690 σημεῖα,
524 1609 581 1672 καὶ
603 1603 654 1671 ότι
675 1608 829 1692 κρείττων
851 1609 922 1671 ἐστὶ
935 1609 995 1686 τῆς
1016 1601 1144 1695 φύσεως
1158 1608 1215 1670 καὶ

161 1712 356 1806 ἐξῃρημένος
367 1715 424 1781 ἀπ’
441 1715 543 1796 αὐτῆς
556 1715 574 1782 ὁ
590 1713 689 1793 θεός·
702 1712 786 1782 οὕτω
798 1711 842 1781 roi
852 1721 936 1807 ἐντῇ
949 1713 1046 1806 φύσει
1057 1710 1214 1800 ἀγνωστα
1234 1725 1268 1778 12

161 1821 293 1909 γνωσιά
314 1839 401 1892 ποιεῖ
422 1831 478 1893 καὶ
501 1823 543 1892 τά
558 1822 613 1911 ’μὴ
628 1824 829 1910 γινώσκοντα
846 1823 1058 1911 γινώσκοντα,
1080 1825 1160 1912 ἡμῖν
1181 1851 1214 1891 τε

162 1932 210 2019 ἀί
223 1933 332 2001 αὐτῶν
353 1939 509 2017 ἐντίθησι
531 1934 705 2027 φρόνησιν,
728 1939 785 2003 καὶ
807 1936 849 2003 δι’
868 1935 957 2004 ὅλων
978 1940 1044 2004 τῶν
1059 1933 1164 2004 όντων
1178 1943 1214 2004 lv

161 2049 207 2130 τῷ
228 2043 341 2132 κόσμῳ
363 2057 445 2114 κινεῖ
467 2046 526 2114 τόν
548 2051 627 2115 νοῦν
642 2047 805 2133 ἡμῶν-επὶ
819 2044 879 2129 τὴν
899 2046 1076 2130 ἀλήθειαν,
1099 2051 1166 2114 τοῖν
1181 2072 1214 2113 τε
1234 2066 1267 2115 15

162 2151 268 2224 όντων
289 2162 346 2224 καί
366 2157 550 2242 γεγονότων
572 2164 628 2226 καὶ
649 2165 825 2244 ἐσομένων.

254 2267 354 2352 Οἶμαι
376 2269 418 2350 δὴ
440 2260 500 2336 οὖν
521 2274 577 2337 καὶ
600 2268 666 2338 ἀπὸ
689 2269 815 2338 τούτων
837 2269 897 2339 τόν
917 2268 1042 2356 τρόπον
1058 2273 1116 2352 τῆς
1130 2293 1214 2356 μαν-

162 2381 252 2460 τικῆς
273 2385 443 2464 γεγονέναι
465 2384 645 2471 καταφανῆ
667 2384 834 2458 παντελῶς
855 2381 1052 2451 ὑπεναντίον
1068 2379 1149 2450 όντα
1165 2379 1215 2460 οἷς
1235 2397 1268 2448 18

235 2567 257 2616 i.
285 2560 452 2636 ἀφορισμίνα
478 2566 512 2618 D.
625 2567 649 2619 4.
677 2561 708 2632 d]
729 2565 744 2620 ό
772 2571 801 2620 Α.
914 2570 940 2620 5.
966 2567 1037 2637 μεταλ
1055 2570 1154 2637 σοφίας
1181 2568 1213 2620 0.

232 2653 258 2703 7.
285 2645 452 2722 ἀνθρώπειον
472 2652 552 2705 ACD.
636 2651 661 2704 8.
690 2651 792 2707 cirrosi
809 2653 889 2706 ecl).
911 2648 923 2721 ΙΙ
945 2650 1163 2724 ἀποστερημίτων
1185 2656 1214 2704 Α.

232 2737 275 2788 11.
303 2726 442 2808 κρείττονα
462 2737 565 2802 ABCD.
710 2741 752 2792 13.
779 2740 885 2807 γνωοτά
903 2760 954 2792 om.
973 2754 997 2792 et
1013 2759 1076 2809 pon.
1094 2739 1121 2791 in
1139 2758 1215 2803 marg.

231 2841 271 2890 pr.
289 2841 324 2873 rn.
355 2823 388 2874 D.
492 2827 533 2878 16.
557 2823 717 2893 γεγονότων]
736 2825 770 2876 sic
790 2825 844 2888 AC,
871 2827 1013 2907 γενομένων
1031 2826 1065 2877 0.

161 2991 273 3047 rationis
292 2992 368 3064 quasi
386 2993 502 3066 capacia,
520 3003 548 3047 et
564 2991 755 3068 intelligentiae
773 2995 801 3047 in
815 2991 941 3048 cancellis
953 3003 1037 3070 ponat
1049 3012 1117 3068 quae
1129 2995 1215 3048 omnis

161 3095 211 3152 per
228 3096 258 3132 se
276 3076 388 3131 rationis
406 3077 462 3132 siut
479 3080 605 3155 expertia.
652 3077 701 3133 sed
719 3089 746 3133 ot
764 3076 837 3135 aliud
849 3077 915 3134 mihi
927 3077 1035 3135 videtur
1045 3081 1138 3154 ingens
1151 3099 1216 3135 sane

160 3160 327 3230 miraculum,
346 3161 420 3239 quod
438 3161 504 3219 deus
521 3166 550 3219 in
567 3162 611 3220 his
631 3162 757 3220 ostendit.
802 3183 863 3219 narn
881 3174 912 3220 ut
929 3163 996 3221 deus
1014 3185 1097 3242 saepe
1116 3163 1216 3220 fatuum

161 3246 277 3323 aliquem
294 3245 428 3305 hominem
446 3247 510 3306 facit
522 3250 657 3325 sapienter
669 3249 748 3307 edere
760 3249 850 3315 verba,
868 3268 918 3326 per
930 3249 1003 3325 quod
1013 3251 1121 3306 interim
1133 3251 1216 3305 omni-

161 3333 212 3389 bus
229 3332 405 3398 manifestum,
423 3354 478 3390 non
495 3333 525 3390 id
542 3333 660 3391 hominis
677 3335 726 3392 sed
745 3334 790 3391 dei
807 3355 867 3392 esse
885 3356 962 3414 opus,
981 3337 1021 3392 ric
1036 3355 1088 3412 per
1104 3356 1135 3392 ea
1148 3355 1217 3411 quae

161 3420 313 3496 cognitione
330 3429 421 3476 carent
432 3419 558 3497 patefacit
575 3422 703 3498 quaedam
716 3423 788 3478 omni
800 3422 954 3497 cognitione
964 3423 1102 3499 superiora
1109 3440 1119 3475 ε
1134 3419 1216 3475 simul

162 3515 191 3561 et
206 3504 275 3561 illud
292 3504 410 3562 declarat
427 3504 594 3575 hominibus,
617 3510 693 3583 signa
710 3506 863 3563 istiusmodi
882 3509 954 3563 omni
976 3506 1030 3563 lide
1048 3506 1127 3582 digna
1146 3526 1216 3573 esse,

162 3599 190 3646 et
207 3589 280 3665 quod
299 3591 365 3647 deus
382 3595 564 3670 praestantior
579 3596 617 3650 sit
634 3603 744 3650 naturae
766 3593 882 3660 effectis,
906 3603 933 3648 et
957 3591 1030 3667 quod
1051 3595 1112 3670 ipse
1134 3593 1167 3648 ab
1185 3613 1217 3648 ea

161 3676 191 3730 in
208 3675 343 3751 operando
360 3698 416 3735 non
435 3678 592 3756 dependeat.
639 3680 748 3735 adoooa
763 3699 830 3755 quae
840 3677 997 3736 naturaliter
1009 3681 1141 3756 incognita
1154 3689 1221 3735 sunt>

160 3769 233 3827 nota,
253 3769 280 3815 et
298 3781 365 3836 quae
382 3782 437 3819 nou
454 3763 608 3842 intelligunt
624 3764 800 3842 intelligentia
816 3763 887 3833 facit,
905 3763 1126 3841 prudentiamque
1138 3764 1216 3820 nobis

160 3865 210 3924 per
224 3866 259 3901 vea
273 3850 402 3922 suggerit,
420 3860 449 3904 et
465 3870 514 3927 per
533 3852 621 3907 omnia
639 3871 707 3927 quoe
724 3860 787 3907 munt
805 3853 834 3906 in
850 3849 950 3907 mundo
968 3859 1089 3906 nostram
1101 3859 1215 3906 mentem

160 3933 259 3990 eadm
276 3931 312 3988 ad
328 3935 468 3989 veriutem
486 3935 702 4011 cognoscendam.
715 3955 807 3993 eorum
826 3956 894 4012 quae
911 3945 974 3992 suut
990 3955 1061 4012 qnae
1071 3934 1179 3992 luorum
1190 3943 1217 3990 et

161 4038 229 4093 qnae
246 4026 358 4074 ventura
376 4028 445 4073 sunt

216 4103 321 4180 'Atque
336 4122 387 4181 per
405 4101 470 4159 liaeo
489 4106 585 4180 opinor
601 4107 713 4165 modum
727 4110 847 4165 vaticinii
868 4107 950 4164 elium
974 4109 1084 4164 omnino
1106 4125 1168 4162 esse
1185 4125 1216 4160 ac

161 4187 287 4247 oetehn
306 4199 333 4246 et
351 4187 531 4265 suspicabaris
548 4199 578 4245 tu
595 4194 662 4248 satia
680 4193 851 4250 manifestum
868 4202 916 4250 est.
964 4203 1006 4249 cst
1030 4195 1101 4249 enim
1117 4192 1217 4268 princi·
