<?xml version="1.0" encoding="UTF-8"?>
<!DOCTYPE html PUBLIC "-//W3C//DTD XHTML 1.0 Transitional//EN"
    "http://www.w3.org/TR/xhtml1/DTD/xhtml1-transitional.dtd">
<html xmlns="http://www.w3.org/1999/xhtml" xml:lang="en" lang="en">
 <head>
  <title>
</title>
<meta http-equiv="Content-Type" content="text/html;charset=utf-8" />
  <meta name='ocr-system' content='tesseract 3.04.00' />
  <meta name='ocr-capabilities' content='ocr_page ocr_carea ocr_par ocr_line ocrx_word'/>
</head>
<body>
  <div class='ocr_page' id='page_1' title='image "./jamblichidemyst00jambgoog_0393.png"; bbox 0 0 2776 4876; ppageno 0'>
   <div class='ocr_carea' id='block_1_1' title="bbox 219 328 1276 406">
    <p class='ocr_par' dir='ltr' id='par_1_1' title="bbox 219 328 1276 406">
     <span class='ocr_line' id='line_1_1' title="bbox 219 328 1276 406; baseline -0.007 -7"><span class='ocrx_word' id='word_1_1' title='bbox 219 347 273 399; x_wconf 78' lang='lat' dir='ltr'><strong>aaa</strong></span> <span class='ocrx_word' id='word_1_2' title='bbox 912 380 913 384; x_wconf 12' lang='lat' dir='ltr'><strong>a</strong></span> <span class='ocrx_word' id='word_1_3' title='bbox 952 328 958 336; x_wconf 85' lang='lat'>&#39;</span> <span class='ocrx_word' id='word_1_4' title='bbox 1219 339 1276 406; x_wconf 83' lang='grc' dir='ltr'><strong>τ,ι</strong></span> 
     </span>
    </p>
   </div>
   <div class='ocr_carea' id='block_1_2' title="bbox 186 489 1332 2365">
    <p class='ocr_par' dir='ltr' id='par_1_2' title="bbox 218 489 1316 1587">
     <span class='ocr_line' id='line_1_2' title="bbox 219 489 1275 584; baseline -0.008 -17"><span class='ocrx_word' id='word_1_5' title='bbox 219 504 276 568; x_wconf 84' lang='grc' dir='ltr'><strong>καὶ</strong></span> <span class='ocrx_word' id='word_1_6' title='bbox 297 497 355 567; x_wconf 86' lang='grc' dir='ltr'><em>τὸν</em></span> <span class='ocrx_word' id='word_1_7' title='bbox 378 494 493 577; x_wconf 86' lang='grc' dir='ltr'><em>αὐτόν,</em></span> <span class='ocrx_word' id='word_1_8' title='bbox 522 493 583 574; x_wconf 81' lang='grc' dir='ltr'><em>τὰς</em></span> <span class='ocrx_word' id='word_1_9' title='bbox 604 498 639 562; x_wconf 75' lang='grc' dir='ltr'><strong>δὲ</strong></span> <span class='ocrx_word' id='word_1_10' title='bbox 667 498 851 584; x_wconf 77' lang='grc' dir='ltr'><em>διαμείψας</em></span> <span class='ocrx_word' id='word_1_11' title='bbox 874 499 932 576; x_wconf 90' lang='grc' dir='ltr'><em>τῆς</em></span> <span class='ocrx_word' id='word_1_12' title='bbox 952 497 1087 583; x_wconf 79' lang='grc' dir='ltr'><em>μορφῆς</em></span> <span class='ocrx_word' id='word_1_13' title='bbox 1114 497 1172 560; x_wconf 88' lang='grc' dir='ltr'><strong>καὶ</strong></span> <span class='ocrx_word' id='word_1_14' title='bbox 1194 489 1275 571; x_wconf 87' lang='grc' dir='ltr'><em>τούς</em></span> 
     </span>
     <span class='ocr_line' id='line_1_3' title="bbox 218 602 1276 699; baseline -0.006 -22"><span class='ocrx_word' id='word_1_15' title='bbox 218 604 549 699; x_wconf 88' lang='grc' dir='ltr'><em>μετασχηματισμούς</em></span> <span class='ocrx_word' id='word_1_16' title='bbox 570 615 606 675; x_wconf 81' lang='grc' dir='ltr'><em>ἐν</em></span> <span class='ocrx_word' id='word_1_17' title='bbox 628 617 698 686; x_wconf 89' lang='grc' dir='ltr'><em>τοῖς</em></span> <span class='ocrx_word' id='word_1_18' title='bbox 712 609 898 693; x_wconf 79' lang='grc' dir='ltr'><em>δεχομένοις</em></span> <span class='ocrx_word' id='word_1_19' title='bbox 914 605 1120 672; x_wconf 83' lang='grc' dir='ltr'><em>ὑποτίθεται.</em></span> <span class='ocrx_word' id='word_1_20' title='bbox 1158 602 1276 690; x_wconf 80' lang='grc' dir='ltr'><em>διόπερ</em></span> 
     </span>
     <span class='ocr_line' id='line_1_4' title="bbox 219 712 1311 806; baseline -0.005 -18"><span class='ocrx_word' id='word_1_21' title='bbox 219 717 304 788; x_wconf 88' lang='grc' dir='ltr'><strong>κατά</strong></span> <span class='ocrx_word' id='word_1_22' title='bbox 325 717 441 800; x_wconf 86' lang='grc' dir='ltr'><em>ζάδιον</em></span> <span class='ocrx_word' id='word_1_23' title='bbox 462 723 517 785; x_wconf 84' lang='grc' dir='ltr'><strong>καὶ</strong></span> <span class='ocrx_word' id='word_1_24' title='bbox 540 719 622 785; x_wconf 78' lang='grc' dir='ltr'><em>καθ’</em></span> <span class='ocrx_word' id='word_1_25' title='bbox 642 716 732 805; x_wconf 80' lang='grc' dir='ltr'><em>ὥραν</em></span> <span class='ocrx_word' id='word_1_26' title='bbox 752 715 1026 803; x_wconf 72' lang='grc' dir='ltr'><em>μεταβάλλεσθαι</em></span> <span class='ocrx_word' id='word_1_27' title='bbox 1041 712 1144 783; x_wconf 87' lang='grc' dir='ltr'><em>αὐτόν</em></span> <span class='ocrx_word' id='word_1_28' title='bbox 1159 738 1276 806; x_wconf 85' lang='grc' dir='ltr'><em>φησιν,</em></span> <span class='ocrx_word' id='word_1_29' title='bbox 1295 729 1311 782; x_wconf 84' lang='lat'>³</span> 
     </span>
     <span class='ocr_line' id='line_1_5' title="bbox 220 821 1277 917; baseline -0.007 -18"><span class='ocrx_word' id='word_1_30' title='bbox 220 832 264 912; x_wconf 84' lang='grc' dir='ltr'><em>ὡς</em></span> <span class='ocrx_word' id='word_1_31' title='bbox 292 834 423 898; x_wconf 77' lang='grc' dir='ltr'><strong><em>ἐκείνων</em></strong></span> <span class='ocrx_word' id='word_1_32' title='bbox 451 832 762 916; x_wconf 82' lang='grc' dir='ltr'><em>διαποικιλλομένων</em></span> <span class='ocrx_word' id='word_1_33' title='bbox 790 833 863 917; x_wconf 81' lang='grc' dir='ltr'><em>περὶ</em></span> <span class='ocrx_word' id='word_1_34' title='bbox 892 824 951 895; x_wconf 82' lang='grc' dir='ltr'><em>τὸν</em></span> <span class='ocrx_word' id='word_1_35' title='bbox 981 822 1067 894; x_wconf 79' lang='grc' dir='ltr'><em>θεὸν</em></span> <span class='ocrx_word' id='word_1_36' title='bbox 1099 821 1186 893; x_wconf 80' lang='grc' dir='ltr'><em>κατὰ</em></span> <span class='ocrx_word' id='word_1_37' title='bbox 1212 823 1277 905; x_wconf 82' lang='grc' dir='ltr'><em>τάς</em></span> 
     </span>
     <span class='ocr_line' id='line_1_6' title="bbox 219 934 1277 1028; baseline -0.007 -17"><span class='ocrx_word' id='word_1_38' title='bbox 219 938 346 1020; x_wconf 85' lang='grc' dir='ltr'><em>πολλάς</em></span> <span class='ocrx_word' id='word_1_39' title='bbox 368 942 469 1010; x_wconf 84' lang='grc' dir='ltr'><em>αὐτοῦ</em></span> <span class='ocrx_word' id='word_1_40' title='bbox 482 940 658 1028; x_wconf 79' lang='grc' dir='ltr'><em>ὑποδοχάς.</em></span> <span class='ocrx_word' id='word_1_41' title='bbox 691 938 860 1018; x_wconf 79' lang='grc' dir='ltr'><em>τοιαύταις</em></span> <span class='ocrx_word' id='word_1_42' title='bbox 875 938 984 1028; x_wconf 81' lang='grc' dir='ltr'><em>εὐχαῖς</em></span> <span class='ocrx_word' id='word_1_43' title='bbox 1000 935 1176 1023; x_wconf 74' lang='grc' dir='ltr'><em>Αἰγύπτιοι</em></span> <span class='ocrx_word' id='word_1_44' title='bbox 1189 934 1277 1026; x_wconf 83' lang='grc' dir='ltr'><em>πρὸς</em></span> 
     </span>
     <span class='ocr_line' id='line_1_7' title="bbox 220 1047 1313 1140; baseline 0 -20"><span class='ocrx_word' id='word_1_45' title='bbox 220 1052 315 1135; x_wconf 84' lang='grc' dir='ltr'><em>ἥλιον</em></span> <span class='ocrx_word' id='word_1_46' title='bbox 334 1058 479 1140; x_wconf 86' lang='grc' dir='ltr'><em>χρῶνται</em></span> <span class='ocrx_word' id='word_1_47' title='bbox 501 1052 560 1120; x_wconf 87' lang='grc' dir='ltr'><strong>οὐκ</strong></span> <span class='ocrx_word' id='word_1_48' title='bbox 581 1059 618 1119; x_wconf 79' lang='grc' dir='ltr'><em>ὲν</em></span> <span class='ocrx_word' id='word_1_49' title='bbox 639 1063 712 1131; x_wconf 87' lang='grc' dir='ltr'><em>ταῖς</em></span> <span class='ocrx_word' id='word_1_50' title='bbox 734 1051 913 1137; x_wconf 81' lang='grc' dir='ltr'><em>αὐτοψίαις</em></span> <span class='ocrx_word' id='word_1_51' title='bbox 933 1047 1041 1135; x_wconf 90' lang='grc' dir='ltr'><em>μόνον</em></span> <span class='ocrx_word' id='word_1_52' title='bbox 1063 1047 1148 1116; x_wconf 86' lang='grc' dir='ltr'><strong>ἀλλά</strong></span> <span class='ocrx_word' id='word_1_53' title='bbox 1165 1053 1223 1116; x_wconf 84' lang='grc' dir='ltr'><strong>καὶ</strong></span> <span class='ocrx_word' id='word_1_54' title='bbox 1239 1056 1313 1120; x_wconf 73' lang='lat' dir='ltr'><strong>tvo</strong></span> 
     </span>
     <span class='ocr_line' id='line_1_8' title="bbox 220 1163 1277 1252; baseline -0.004 -20"><span class='ocrx_word' id='word_1_55' title='bbox 220 1177 295 1242; x_wconf 90' lang='grc' dir='ltr'><em>ταῖς</em></span> <span class='ocrx_word' id='word_1_56' title='bbox 316 1168 517 1252; x_wconf 80' lang='grc' dir='ltr'><em>κοινοτέροις</em></span> <span class='ocrx_word' id='word_1_57' title='bbox 539 1163 655 1252; x_wconf 82' lang='grc' dir='ltr'><em>εὐχαῖς,</em></span> <span class='ocrx_word' id='word_1_58' title='bbox 677 1168 799 1241; x_wconf 90' lang='grc' dir='ltr'><em>αίτινες</em></span> <span class='ocrx_word' id='word_1_59' title='bbox 820 1166 928 1250; x_wconf 78' lang='grc' dir='ltr'><em>ίχοοσι</em></span> <span class='ocrx_word' id='word_1_60' title='bbox 949 1165 1101 1229; x_wconf 83' lang='grc' dir='ltr'><em>τοιοῦτον</em></span> <span class='ocrx_word' id='word_1_61' title='bbox 1122 1165 1203 1229; x_wconf 80' lang='grc' dir='ltr'><em>νοῦν</em></span> <span class='ocrx_word' id='word_1_62' title='bbox 1218 1165 1277 1228; x_wconf 83' lang='grc' dir='ltr'><strong>καὶ</strong></span> 
     </span>
     <span class='ocr_line' id='line_1_9' title="bbox 222 1271 1278 1362; baseline -0.004 -19"><span class='ocrx_word' id='word_1_63' title='bbox 222 1273 307 1343; x_wconf 80' lang='grc' dir='ltr'><strong>κατά</strong></span> <span class='ocrx_word' id='word_1_64' title='bbox 328 1273 486 1357; x_wconf 83' lang='grc' dir='ltr'><em>τοιαύτην</em></span> <span class='ocrx_word' id='word_1_65' title='bbox 509 1271 712 1362; x_wconf 81' lang='grc' dir='ltr'><em>συμβολικῆν</em></span> <span class='ocrx_word' id='word_1_66' title='bbox 738 1272 974 1361; x_wconf 74' lang='grc' dir='ltr'><em>μυσταγωγίαν</em></span> <span class='ocrx_word' id='word_1_67' title='bbox 1001 1277 1048 1358; x_wconf 78' lang='grc' dir='ltr'><strong>τῷ</strong></span> <span class='ocrx_word' id='word_1_68' title='bbox 1076 1275 1149 1358; x_wconf 75' lang='grc' dir='ltr'><em>θεῷ</em></span> <span class='ocrx_word' id='word_1_69' title='bbox 1170 1295 1278 1358; x_wconf 81' lang='grc' dir='ltr'><em>προσ-</em></span> 
     </span>
     <span class='ocr_line' id='line_1_10' title="bbox 222 1381 1316 1477; baseline -0.003 -25"><span class='ocrx_word' id='word_1_70' title='bbox 222 1390 396 1477; x_wconf 60' lang='grc' dir='ltr'><em>φέρονται*</em></span> <span class='ocrx_word' id='word_1_71' title='bbox 419 1384 533 1475; x_wconf 81' lang='grc' dir='ltr'><em>διόπερ</em></span> <span class='ocrx_word' id='word_1_72' title='bbox 556 1385 625 1454; x_wconf 86' lang='grc' dir='ltr'><em>οὐδ’</em></span> <span class='ocrx_word' id='word_1_73' title='bbox 645 1383 688 1452; x_wconf 88' lang='grc' dir='ltr'><em>ἀν</em></span> <span class='ocrx_word' id='word_1_74' title='bbox 710 1390 778 1473; x_wconf 72' lang='grc' dir='ltr'><em>ἔχοι</em></span> <span class='ocrx_word' id='word_1_75' title='bbox 799 1381 874 1454; x_wconf 88' lang='grc' dir='ltr'><strong>τινά</strong></span> <span class='ocrx_word' id='word_1_76' title='bbox 896 1384 1010 1472; x_wconf 87' lang='grc' dir='ltr'><em>λόγον,</em></span> <span class='ocrx_word' id='word_1_77' title='bbox 1039 1383 1069 1451; x_wconf 87' lang='grc' dir='ltr'><em>εί</em></span> <span class='ocrx_word' id='word_1_78' title='bbox 1094 1409 1143 1462; x_wconf 84' lang='grc' dir='ltr'><em>τις</em></span> <span class='ocrx_word' id='word_1_79' title='bbox 1165 1382 1316 1451; x_wconf 72' lang='grc' dir='ltr'><em>αὐτῶνθ</em></span> 
     </span>
     <span class='ocr_line' id='line_1_11' title="bbox 221 1494 994 1587; baseline -0.003 -22"><span class='ocrx_word' id='word_1_80' title='bbox 221 1494 469 1587; x_wconf 79' lang='grc' dir='ltr'><em>προσαγάγοιτο</em></span> <span class='ocrx_word' id='word_1_81' title='bbox 492 1497 677 1586; x_wconf 70' lang='grc' dir='ltr'><em>ἀντίληψις.</em></span> <span class='ocrx_word' id='word_1_82' title='bbox 993 1575 994 1578; x_wconf 10' lang='lat'>¹</span> 
     </span>
    </p>

    <p class='ocr_par' dir='ltr' id='par_1_3' title="bbox 186 1604 1332 2365">
     <span class='ocr_line' id='line_1_12' title="bbox 186 1604 1280 1698; baseline -0.003 -23"><span class='ocrx_word' id='word_1_83' title='bbox 186 1611 206 1668; x_wconf 86' lang='grc'>4</span> <span class='ocrx_word' id='word_1_84' title='bbox 309 1604 345 1674; x_wconf 68' lang='lat' dir='ltr'><strong>tt</strong></span> <span class='ocrx_word' id='word_1_85' title='bbox 368 1607 397 1675; x_wconf 88' lang='grc' dir='ltr'><strong>δ’</strong></span> <span class='ocrx_word' id='word_1_86' title='bbox 417 1612 486 1674; x_wconf 76' lang='grc' dir='ltr'><em>ἐστὶ</em></span> <span class='ocrx_word' id='word_1_87' title='bbox 510 1605 633 1678; x_wconf 87' lang='grc' dir='ltr'><em>τούτων</em></span> <span class='ocrx_word' id='word_1_88' title='bbox 655 1606 795 1697; x_wconf 76' lang='grc' dir='ltr'><em>ἐχόμενα</em></span> <span class='ocrx_word' id='word_1_89' title='bbox 824 1605 1020 1698; x_wconf 79' lang='grc' dir='ltr'><em>ἐρωτήματα</em></span> <span class='ocrx_word' id='word_1_90' title='bbox 1042 1611 1195 1685; x_wconf 88' lang='grc' dir='ltr'><em>πλείονος</em></span> <span class='ocrx_word' id='word_1_91' title='bbox 1216 1610 1280 1692; x_wconf 76' lang='grc' dir='ltr'><em>μὲν</em></span> 
     </span>
     <span class='ocr_line' id='line_1_13' title="bbox 221 1714 1332 1806; baseline -0.002 -22"><span class='ocrx_word' id='word_1_92' title='bbox 221 1721 328 1785; x_wconf 84' lang='grc' dir='ltr'><em>δεῖται</em></span> <span class='ocrx_word' id='word_1_93' title='bbox 343 1721 507 1805; x_wconf 83' lang='grc' dir='ltr'><em>διαδοχῆς,</em></span> <span class='ocrx_word' id='word_1_94' title='bbox 524 1719 552 1785; x_wconf 85' lang='grc' dir='ltr'><em>εί</em></span> <span class='ocrx_word' id='word_1_95' title='bbox 564 1744 615 1798; x_wconf 90' lang='grc' dir='ltr'><em>τις</em></span> <span class='ocrx_word' id='word_1_96' title='bbox 629 1723 749 1799; x_wconf 76' lang='grc' dir='ltr'><em>ἱκανῶς</em></span> <span class='ocrx_word' id='word_1_97' title='bbox 763 1720 884 1802; x_wconf 76' lang='grc' dir='ltr'><em>ἐπεξίοι</em></span> <span class='ocrx_word' id='word_1_98' title='bbox 899 1724 944 1805; x_wconf 79' lang='grc' dir='ltr'><strong>τῷ</strong></span> <span class='ocrx_word' id='word_1_99' title='bbox 958 1717 1061 1806; x_wconf 86' lang='grc' dir='ltr'><em>λόγῳ·</em></span> <span class='ocrx_word' id='word_1_100' title='bbox 1077 1722 1126 1785; x_wconf 92' lang='grc' dir='ltr'><strong>δεῖ</strong></span> <span class='ocrx_word' id='word_1_101' title='bbox 1141 1717 1170 1785; x_wconf 83' lang='grc' dir='ltr'><strong>δ’</strong></span> <span class='ocrx_word' id='word_1_102' title='bbox 1186 1714 1280 1803; x_wconf 88' lang='grc' dir='ltr'><em>ὅμως</em></span> <span class='ocrx_word' id='word_1_103' title='bbox 1300 1723 1332 1773; x_wconf 86' lang='lat'><strong>¹²</strong></span> 
     </span>
     <span class='ocr_line' id='line_1_14' title="bbox 223 1826 1280 1924; baseline 0 -29"><span class='ocrx_word' id='word_1_104' title='bbox 223 1835 260 1895; x_wconf 79' lang='lat' dir='ltr'><strong>tv</strong></span> <span class='ocrx_word' id='word_1_105' title='bbox 282 1829 453 1916; x_wconf 79' lang='grc' dir='ltr'><em>ἀποκρίσει</em></span> <span class='ocrx_word' id='word_1_106' title='bbox 482 1826 537 1895; x_wconf 88' lang='grc' dir='ltr'><strong>διά</strong></span> <span class='ocrx_word' id='word_1_107' title='bbox 558 1833 708 1921; x_wconf 77' lang='grc' dir='ltr'><em>βραχίων</em></span> <span class='ocrx_word' id='word_1_108' title='bbox 736 1831 884 1913; x_wconf 81' lang='grc' dir='ltr'><em>τάληθές</em></span> <span class='ocrx_word' id='word_1_109' title='bbox 910 1856 954 1924; x_wconf 80' lang='grc' dir='ltr'><strong>πη</strong></span> <span class='ocrx_word' id='word_1_110' title='bbox 976 1835 1050 1919; x_wconf 83' lang='grc' dir='ltr'><em>περὶ</em></span> <span class='ocrx_word' id='word_1_111' title='bbox 1072 1830 1180 1898; x_wconf 83' lang='grc' dir='ltr'><em>αὐτῶν</em></span> <span class='ocrx_word' id='word_1_112' title='bbox 1204 1833 1280 1896; x_wconf 81' lang='grc' dir='ltr'><em>δια·</em></span> 
     </span>
     <span class='ocr_line' id='line_1_15' title="bbox 223 1937 1279 2032; baseline 0 -25"><span class='ocrx_word' id='word_1_113' title='bbox 223 1942 445 2027; x_wconf 76' lang='grc' dir='ltr'><em>περανθῆναι.</em></span> <span class='ocrx_word' id='word_1_114' title='bbox 490 1945 522 2007; x_wconf 90' lang='grc' dir='ltr'><strong>τί</strong></span> <span class='ocrx_word' id='word_1_115' title='bbox 544 1937 608 2032; x_wconf 89' lang='grc' dir='ltr'><strong>γάρ</strong></span> <span class='ocrx_word' id='word_1_116' title='bbox 630 1940 786 2027; x_wconf 77' lang='grc' dir='ltr'><em>βούλεται</em></span> <span class='ocrx_word' id='word_1_117' title='bbox 806 1939 851 2010; x_wconf 89' lang='grc' dir='ltr'><strong>τά</strong></span> <span class='ocrx_word' id='word_1_118' title='bbox 872 1940 987 2029; x_wconf 80' lang='grc' dir='ltr'><em>ἄσημα</em></span> <span class='ocrx_word' id='word_1_119' title='bbox 1016 1939 1167 2029; x_wconf 86' lang='grc' dir='ltr'><em>ὀνόματα</em></span> <span class='ocrx_word' id='word_1_120' title='bbox 1195 1964 1279 2008; x_wconf 85' lang='grc' dir='ltr'><em>πυν-</em></span> 
     </span>
     <span class='ocr_line' id='line_1_16' title="bbox 223 2049 1332 2145; baseline -0.001 -25"><span class='ocrx_word' id='word_1_121' title='bbox 223 2049 332 2145; x_wconf 75' lang='grc' dir='ltr'><em>θάνῃ·</em></span> <span class='ocrx_word' id='word_1_122' title='bbox 356 2049 398 2119; x_wconf 88' lang='grc' dir='ltr'><strong>τά</strong></span> <span class='ocrx_word' id='word_1_123' title='bbox 420 2054 455 2119; x_wconf 84' lang='grc' dir='ltr'><strong>δὲ</strong></span> <span class='ocrx_word' id='word_1_124' title='bbox 478 2051 536 2121; x_wconf 89' lang='grc' dir='ltr'><strong>οὐκ</strong></span> <span class='ocrx_word' id='word_1_125' title='bbox 559 2057 646 2120; x_wconf 75' lang='grc' dir='ltr'><em>ἔστιν</em></span> <span class='ocrx_word' id='word_1_126' title='bbox 668 2050 818 2140; x_wconf 85' lang='grc' dir='ltr'><em>ἀσημαὸ</em></span> <span class='ocrx_word' id='word_1_127' title='bbox 840 2049 882 2122; x_wconf 90' lang='grc' dir='ltr'><em>σύ</em></span> <span class='ocrx_word' id='word_1_128' title='bbox 896 2051 1084 2141; x_wconf 88' lang='grc' dir='ltr'><em>νενόμικας·</em></span> <span class='ocrx_word' id='word_1_129' title='bbox 1106 2051 1179 2119; x_wconf 81' lang='grc' dir='ltr'><em>ἀλλ’</em></span> <span class='ocrx_word' id='word_1_130' title='bbox 1196 2052 1279 2138; x_wconf 79' lang='grc' dir='ltr'><em>ἡμῖν</em></span> <span class='ocrx_word' id='word_1_131' title='bbox 1299 2061 1332 2111; x_wconf 77' lang='lat'><strong>1⁵</strong></span> 
     </span>
     <span class='ocr_line' id='line_1_17' title="bbox 223 2157 1279 2256; baseline -0.001 -26"><span class='ocrx_word' id='word_1_132' title='bbox 223 2167 283 2251; x_wconf 81' lang='grc' dir='ltr'><em>μὲν</em></span> <span class='ocrx_word' id='word_1_133' title='bbox 305 2159 460 2249; x_wconf 86' lang='grc' dir='ltr'><em>ἀγνωστα</em></span> <span class='ocrx_word' id='word_1_134' title='bbox 483 2168 564 2255; x_wconf 80' lang='grc' dir='ltr'><em>ίστω</em></span> <span class='ocrx_word' id='word_1_135' title='bbox 587 2160 609 2248; x_wconf 86' lang='grc' dir='ltr'><em>ῆ</em></span> <span class='ocrx_word' id='word_1_136' title='bbox 631 2170 687 2232; x_wconf 84' lang='grc' dir='ltr'><strong>καὶ</strong></span> <span class='ocrx_word' id='word_1_137' title='bbox 708 2162 839 2251; x_wconf 82' lang='grc' dir='ltr'><em>γνωστὰ</em></span> <span class='ocrx_word' id='word_1_138' title='bbox 862 2170 941 2247; x_wconf 73' lang='grc' dir='ltr'><em>ἔνια,</em></span> <span class='ocrx_word' id='word_1_139' title='bbox 969 2169 1044 2256; x_wconf 86' lang='grc' dir='ltr'><em>περὶ</em></span> <span class='ocrx_word' id='word_1_140' title='bbox 1066 2157 1112 2232; x_wconf 77' lang='grc' dir='ltr'><em>ὧν</em></span> <span class='ocrx_word' id='word_1_141' title='bbox 1138 2166 1279 2252; x_wconf 79' lang='grc' dir='ltr'><em>παρεδε·</em></span> 
     </span>
     <span class='ocr_line' id='line_1_18' title="bbox 223 2272 1281 2365; baseline 0 -24"><span class='ocrx_word' id='word_1_142' title='bbox 223 2273 361 2363; x_wconf 82' lang='grc' dir='ltr'><em>ξάμεθα</em></span> <span class='ocrx_word' id='word_1_143' title='bbox 390 2273 449 2354; x_wconf 85' lang='grc' dir='ltr'><em>τάς</em></span> <span class='ocrx_word' id='word_1_144' title='bbox 477 2275 651 2355; x_wconf 84' lang='grc' dir='ltr'><em>ἀναλύσεις</em></span> <span class='ocrx_word' id='word_1_145' title='bbox 678 2272 770 2365; x_wconf 85' lang='grc' dir='ltr'><em>παρά</em></span> <span class='ocrx_word' id='word_1_146' title='bbox 800 2280 904 2357; x_wconf 83' lang='grc' dir='ltr'><em>θεῶν,</em></span> <span class='ocrx_word' id='word_1_147' title='bbox 938 2289 1008 2356; x_wconf 84' lang='grc' dir='ltr'><em>τοῖς</em></span> <span class='ocrx_word' id='word_1_148' title='bbox 1039 2282 1153 2365; x_wconf 80' lang='grc' dir='ltr'><em>μέντοι</em></span> <span class='ocrx_word' id='word_1_149' title='bbox 1181 2277 1281 2352; x_wconf 87' lang='grc' dir='ltr'><em>θεοῖς</em></span> 
     </span>
    </p>
   </div>
   <div class='ocr_carea' id='block_1_3' title="bbox 295 2505 1280 2927">
    <p class='ocr_par' dir='ltr' id='par_1_4' title="bbox 295 2505 1280 2927">
     <span class='ocr_line' id='line_1_19' title="bbox 296 2505 1280 2582; baseline 0 -21"><span class='ocrx_word' id='word_1_150' title='bbox 296 2511 321 2561; x_wconf 86' lang='grc'><strong>5.</strong></span> <span class='ocrx_word' id='word_1_151' title='bbox 348 2505 448 2575; x_wconf 78' lang='grc' dir='ltr'><em>αὐτοῦ]</em></span> <span class='ocrx_word' id='word_1_152' title='bbox 467 2509 502 2561; x_wconf 80' lang='lat' dir='ltr'><strong>sic</strong></span> <span class='ocrx_word' id='word_1_153' title='bbox 515 2510 579 2562; x_wconf 81' lang='lat' dir='ltr'><strong>Gale</strong></span> <span class='ocrx_word' id='word_1_154' title='bbox 591 2525 652 2575; x_wconf 58' lang='lat' dir='ltr'><strong>not„</strong></span> <span class='ocrx_word' id='word_1_155' title='bbox 679 2512 778 2564; x_wconf 72' lang='grc' dir='ltr'><em>ἑαυτοῦ</em></span> <span class='ocrx_word' id='word_1_156' title='bbox 795 2511 828 2563; x_wconf 91' lang='grc'><strong>0.</strong></span> <span class='ocrx_word' id='word_1_157' title='bbox 899 2513 961 2566; x_wconf 66' lang='lat' dir='ltr'><strong>ab.</strong></span> <span class='ocrx_word' id='word_1_158' title='bbox 988 2511 1056 2582; x_wconf 80' lang='grc' dir='ltr'><em>πρὸς</em></span> <span class='ocrx_word' id='word_1_159' title='bbox 1066 2509 1139 2580; x_wconf 79' lang='grc' dir='ltr'><em>ἥλιον</em></span> <span class='ocrx_word' id='word_1_160' title='bbox 1156 2529 1209 2562; x_wconf 77' lang='lat' dir='ltr'><strong>om.</strong></span> <span class='ocrx_word' id='word_1_161' title='bbox 1222 2510 1280 2562; x_wconf 73' lang='lat' dir='ltr'><strong>AG.</strong></span> 
     </span>
     <span class='ocr_line' id='line_1_20' title="bbox 297 2592 1280 2669; baseline 0.003 -24"><span class='ocrx_word' id='word_1_162' title='bbox 297 2597 320 2646; x_wconf 85' lang='grc'><strong>7.</strong></span> <span class='ocrx_word' id='word_1_163' title='bbox 349 2599 514 2667; x_wconf 87' lang='grc' dir='ltr'><em>καινοτίραις</em></span> <span class='ocrx_word' id='word_1_164' title='bbox 532 2597 586 2660; x_wconf 78' lang='lat' dir='ltr'><strong>AG,</strong></span> <span class='ocrx_word' id='word_1_165' title='bbox 613 2600 759 2669; x_wconf 77' lang='grc' dir='ltr'><em>κενοτλραις</em></span> <span class='ocrx_word' id='word_1_166' title='bbox 777 2596 810 2649; x_wconf 89' lang='lat' dir='ltr'><strong>D.</strong></span> <span class='ocrx_word' id='word_1_167' title='bbox 832 2592 844 2665; x_wconf 78' lang='grc' dir='ltr'><strong>ΙΙ</strong></span> <span class='ocrx_word' id='word_1_168' title='bbox 865 2601 972 2664; x_wconf 83' lang='grc' dir='ltr'><em>ίχονσαι</em></span> <span class='ocrx_word' id='word_1_169' title='bbox 990 2598 1022 2650; x_wconf 91' lang='grc'><strong>0.</strong></span> <span class='ocrx_word' id='word_1_170' title='bbox 1101 2599 1126 2650; x_wconf 86' lang='grc'><strong>9.</strong></span> <span class='ocrx_word' id='word_1_171' title='bbox 1153 2595 1224 2663; x_wconf 75' lang='grc' dir='ltr'><em>ἔχοι]</em></span> <span class='ocrx_word' id='word_1_172' title='bbox 1244 2597 1280 2648; x_wconf 79' lang='lat' dir='ltr'><strong>sic</strong></span> 
     </span>
     <span class='ocr_line' id='line_1_21' title="bbox 296 2679 1280 2755; baseline 0.002 -23"><span class='ocrx_word' id='word_1_173' title='bbox 296 2680 359 2732; x_wconf 86' lang='lat' dir='ltr'><strong>Gale</strong></span> <span class='ocrx_word' id='word_1_174' title='bbox 381 2696 443 2743; x_wconf 77' lang='lat' dir='ltr'><strong>not,</strong></span> <span class='ocrx_word' id='word_1_175' title='bbox 471 2688 522 2748; x_wconf 72' lang='grc' dir='ltr'><em>ἔχει</em></span> <span class='ocrx_word' id='word_1_176' title='bbox 544 2684 579 2744; x_wconf 85' lang='grc' dir='ltr'><strong>Ι),</strong></span> <span class='ocrx_word' id='word_1_177' title='bbox 605 2688 649 2754; x_wconf 71' lang='grc' dir='ltr'><strong>ἔχῃ</strong></span> <span class='ocrx_word' id='word_1_178' title='bbox 673 2685 706 2736; x_wconf 95' lang='grc'><strong>0.</strong></span> <span class='ocrx_word' id='word_1_179' title='bbox 850 2685 891 2736; x_wconf 90' lang='grc'><strong>10.</strong></span> <span class='ocrx_word' id='word_1_180' title='bbox 920 2683 1083 2755; x_wconf 78' lang='grc' dir='ltr'><em>προσάγεαο</em></span> <span class='ocrx_word' id='word_1_181' title='bbox 1110 2685 1144 2742; x_wconf 80' lang='grc' dir='ltr'><strong>Λ,</strong></span> <span class='ocrx_word' id='word_1_182' title='bbox 1173 2679 1280 2753; x_wconf 82' lang='grc' dir='ltr'><em>τιροσά-</em></span> 
     </span>
     <span class='ocr_line' id='line_1_22' title="bbox 295 2765 1278 2840; baseline 0.004 -24"><span class='ocrx_word' id='word_1_183' title='bbox 295 2784 371 2831; x_wconf 88' lang='grc' dir='ltr'><em>γοιτο</em></span> <span class='ocrx_word' id='word_1_184' title='bbox 390 2765 459 2820; x_wconf 68' lang='grc' dir='ltr'><strong>(ΙΙ)Γ</strong></span> <span class='ocrx_word' id='word_1_185' title='bbox 555 2771 596 2822; x_wconf 85' lang='lat'><strong>11.</strong></span> <span class='ocrx_word' id='word_1_186' title='bbox 623 2775 669 2840; x_wconf 71' lang='lat' dir='ltr'><strong>plo</strong></span> <span class='ocrx_word' id='word_1_187' title='bbox 688 2790 729 2823; x_wconf 91' lang='lat' dir='ltr'><strong>om</strong></span> <span class='ocrx_word' id='word_1_188' title='bbox 758 2771 790 2823; x_wconf 94' lang='grc'><strong>0.</strong></span> <span class='ocrx_word' id='word_1_189' title='bbox 892 2771 932 2822; x_wconf 83' lang='grc'><strong>12.</strong></span> <span class='ocrx_word' id='word_1_190' title='bbox 961 2767 1098 2836; x_wconf 84' lang='grc' dir='ltr'><em>διαδοχῆς]</em></span> <span class='ocrx_word' id='word_1_191' title='bbox 1118 2770 1227 2837; x_wconf 79' lang='grc' dir='ltr'><em>διδαχῆς</em></span> <span class='ocrx_word' id='word_1_192' title='bbox 1246 2768 1278 2821; x_wconf 88' lang='grc' dir='ltr'><strong>Ο.</strong></span> 
     </span>
     <span class='ocr_line' id='line_1_23' title="bbox 298 2850 978 2927; baseline 0.012 -27"><span class='ocrx_word' id='word_1_193' title='bbox 298 2850 339 2901; x_wconf 89' lang='grc'><strong>16.</strong></span> <span class='ocrx_word' id='word_1_194' title='bbox 367 2855 412 2904; x_wconf 78' lang='grc' dir='ltr'><strong>καί</strong></span> <span class='ocrx_word' id='word_1_195' title='bbox 430 2874 480 2904; x_wconf 91' lang='lat' dir='ltr'><strong>om.</strong></span> <span class='ocrx_word' id='word_1_196' title='bbox 501 2855 532 2905; x_wconf 88' lang='grc' dir='ltr'><strong>Ο.</strong></span> <span class='ocrx_word' id='word_1_197' title='bbox 642 2860 683 2908; x_wconf 80' lang='grc'><strong>17.</strong></span> <span class='ocrx_word' id='word_1_198' title='bbox 711 2854 802 2927; x_wconf 82' lang='grc' dir='ltr'><em>παρὰ]</em></span> <span class='ocrx_word' id='word_1_199' title='bbox 822 2859 880 2927; x_wconf 83' lang='grc' dir='ltr'><em>περὶ</em></span> <span class='ocrx_word' id='word_1_200' title='bbox 900 2855 978 2908; x_wconf 79' lang='lat' dir='ltr'><strong>Aen.</strong></span> 
     </span>
    </p>
   </div>
   <div class='ocr_carea' id='block_1_4' title="bbox 184 3075 1284 4281">
    <p class='ocr_par' dir='ltr' id='par_1_5' title="bbox 226 3075 1280 3155">
     <span class='ocr_line' id='line_1_24' title="bbox 226 3075 1280 3155; baseline 0.003 -22"><span class='ocrx_word' id='word_1_201' title='bbox 226 3097 307 3155; x_wconf 86' lang='lat' dir='ltr'><strong>quare</strong></span> <span class='ocrx_word' id='word_1_202' title='bbox 326 3075 401 3132; x_wconf 89' lang='lat' dir='ltr'><strong>illum</strong></span> <span class='ocrx_word' id='word_1_203' title='bbox 420 3096 480 3132; x_wconf 88' lang='lat' dir='ltr'><strong>esse</strong></span> <span class='ocrx_word' id='word_1_204' title='bbox 498 3095 579 3131; x_wconf 90' lang='lat' dir='ltr'><strong>unum</strong></span> <span class='ocrx_word' id='word_1_205' title='bbox 598 3077 764 3154; x_wconf 78' lang='lat' dir='ltr'><strong>eundemque</strong></span> <span class='ocrx_word' id='word_1_206' title='bbox 781 3081 890 3146; x_wconf 82' lang='lat' dir='ltr'><strong>asserit,</strong></span> <span class='ocrx_word' id='word_1_207' title='bbox 913 3079 963 3134; x_wconf 88' lang='lat' dir='ltr'><strong>sed</strong></span> <span class='ocrx_word' id='word_1_208' title='bbox 985 3077 1128 3135; x_wconf 84' lang='lat' dir='ltr'><strong>formarum</strong></span> <span class='ocrx_word' id='word_1_209' title='bbox 1145 3081 1280 3137; x_wconf 76' lang='lat' dir='ltr'><strong>vicissitu-</strong></span> 
     </span>
    </p>

    <p class='ocr_par' dir='ltr' id='par_1_6' title="bbox 184 3163 1282 3849">
     <span class='ocr_line' id='line_1_25' title="bbox 184 3163 1280 3243; baseline -0.001 -22"><span class='ocrx_word' id='word_1_210' title='bbox 184 3180 185 3183; x_wconf 77' lang='grc'>’</span> <span class='ocrx_word' id='word_1_211' title='bbox 224 3165 302 3222; x_wconf 83' lang='lat' dir='ltr'><strong>dines</strong></span> <span class='ocrx_word' id='word_1_212' title='bbox 321 3174 348 3220; x_wconf 93' lang='lat' dir='ltr'><strong>et</strong></span> <span class='ocrx_word' id='word_1_213' title='bbox 365 3163 611 3240; x_wconf 81' lang='lat' dir='ltr'><strong>transfigurationes</strong></span> <span class='ocrx_word' id='word_1_214' title='bbox 629 3165 657 3218; x_wconf 91' lang='lat' dir='ltr'><strong>in</strong></span> <span class='ocrx_word' id='word_1_215' title='bbox 675 3164 885 3241; x_wconf 81' lang='lat' dir='ltr'><strong>suscipientibus</strong></span> <span class='ocrx_word' id='word_1_216' title='bbox 897 3167 1033 3243; x_wconf 81' lang='lat' dir='ltr'><strong>supponit</strong></span> <span class='ocrx_word' id='word_1_217' title='bbox 1080 3176 1224 3243; x_wconf 80' lang='lat' dir='ltr'><strong>propterea</strong></span> <span class='ocrx_word' id='word_1_218' title='bbox 1242 3168 1280 3221; x_wconf 87' lang='lat' dir='ltr'><strong>ait</strong></span> 
     </span>
     <span class='ocr_line' id='line_1_26' title="bbox 226 3248 1278 3329; baseline -0.001 -22"><span class='ocrx_word' id='word_1_219' title='bbox 226 3250 302 3307; x_wconf 89' lang='lat' dir='ltr'><strong>illum</strong></span> <span class='ocrx_word' id='word_1_220' title='bbox 320 3249 466 3306; x_wconf 85' lang='lat' dir='ltr'><strong>secundum</strong></span> <span class='ocrx_word' id='word_1_221' title='bbox 484 3248 586 3305; x_wconf 75' lang='lat' dir='ltr'><strong>zodiaci</strong></span> <span class='ocrx_word' id='word_1_222' title='bbox 605 3251 679 3327; x_wconf 79' lang='lat' dir='ltr'><strong>sigua</strong></span> <span class='ocrx_word' id='word_1_223' title='bbox 699 3253 771 3306; x_wconf 92' lang='lat' dir='ltr'><strong>etin</strong></span> <span class='ocrx_word' id='word_1_224' title='bbox 790 3251 870 3308; x_wconf 87' lang='lat' dir='ltr'><strong>boras</strong></span> <span class='ocrx_word' id='word_1_225' title='bbox 888 3254 997 3318; x_wconf 84' lang='lat' dir='ltr'><strong>mutari,</strong></span> <span class='ocrx_word' id='word_1_226' title='bbox 1019 3272 1080 3308; x_wconf 89' lang='lat' dir='ltr'><strong>cum</strong></span> <span class='ocrx_word' id='word_1_227' title='bbox 1103 3272 1195 3308; x_wconf 84' lang='lat' dir='ltr'><strong>revera</strong></span> <span class='ocrx_word' id='word_1_228' title='bbox 1219 3253 1278 3329; x_wconf 90' lang='lat' dir='ltr'><strong>ipsa</strong></span> 
     </span>
     <span class='ocr_line' id='line_1_27' title="bbox 225 3336 1281 3415; baseline -0.002 -21"><span class='ocrx_word' id='word_1_229' title='bbox 225 3337 400 3415; x_wconf 72' lang='lat' dir='ltr'><strong>suscipientia</strong></span> <span class='ocrx_word' id='word_1_230' title='bbox 418 3338 553 3392; x_wconf 87' lang='lat' dir='ltr'><strong>varientur</strong></span> <span class='ocrx_word' id='word_1_231' title='bbox 571 3339 640 3392; x_wconf 87' lang='lat' dir='ltr'><strong>circa</strong></span> <span class='ocrx_word' id='word_1_232' title='bbox 659 3336 737 3393; x_wconf 87' lang='lat' dir='ltr'><strong>deum</strong></span> <span class='ocrx_word' id='word_1_233' title='bbox 755 3339 828 3394; x_wconf 87' lang='lat' dir='ltr'><strong>iuxta</strong></span> <span class='ocrx_word' id='word_1_234' title='bbox 846 3341 933 3395; x_wconf 87' lang='lat' dir='ltr'><strong>varias</strong></span> <span class='ocrx_word' id='word_1_235' title='bbox 952 3340 1049 3415; x_wconf 88' lang='lat' dir='ltr'><strong>quibus</strong></span> <span class='ocrx_word' id='word_1_236' title='bbox 1069 3358 1128 3394; x_wconf 86' lang='lat' dir='ltr'><strong>eum</strong></span> <span class='ocrx_word' id='word_1_237' title='bbox 1143 3339 1281 3414; x_wconf 87' lang='lat' dir='ltr'><strong>recipiunt</strong></span> 
     </span>
     <span class='ocr_line' id='line_1_28' title="bbox 226 3422 1281 3500; baseline -0.004 -19"><span class='ocrx_word' id='word_1_238' title='bbox 226 3426 352 3481; x_wconf 81' lang='lat' dir='ltr'><strong>rationes.</strong></span> <span class='ocrx_word' id='word_1_239' title='bbox 397 3422 550 3479; x_wconf 87' lang='lat' dir='ltr'><strong>huiusmodi</strong></span> <span class='ocrx_word' id='word_1_240' title='bbox 571 3433 657 3479; x_wconf 89' lang='lat' dir='ltr'><strong>autem</strong></span> <span class='ocrx_word' id='word_1_241' title='bbox 675 3424 710 3479; x_wconf 89' lang='lat' dir='ltr'><strong>ad</strong></span> <span class='ocrx_word' id='word_1_242' title='bbox 728 3423 813 3480; x_wconf 86' lang='lat' dir='ltr'><strong>solem</strong></span> <span class='ocrx_word' id='word_1_243' title='bbox 835 3424 1000 3481; x_wconf 84' lang='lat' dir='ltr'><strong>orationibus</strong></span> <span class='ocrx_word' id='word_1_244' title='bbox 1023 3435 1133 3482; x_wconf 87' lang='lat' dir='ltr'><strong>utuntur</strong></span> <span class='ocrx_word' id='word_1_245' title='bbox 1152 3423 1281 3500; x_wconf 74' lang='lat' dir='ltr'><strong>Aegyptii</strong></span> 
     </span>
     <span class='ocr_line' id='line_1_29' title="bbox 225 3509 1281 3589; baseline -0.002 -22"><span class='ocrx_word' id='word_1_246' title='bbox 225 3531 281 3567; x_wconf 90' lang='lat' dir='ltr'><strong>non</strong></span> <span class='ocrx_word' id='word_1_247' title='bbox 299 3509 387 3566; x_wconf 88' lang='lat' dir='ltr'><strong>solum</strong></span> <span class='ocrx_word' id='word_1_248' title='bbox 404 3512 432 3565; x_wconf 92' lang='lat' dir='ltr'><strong>in</strong></span> <span class='ocrx_word' id='word_1_249' title='bbox 451 3509 640 3567; x_wconf 79' lang='lat' dir='ltr'><strong>secretioribus</strong></span> <span class='ocrx_word' id='word_1_250' title='bbox 659 3511 807 3566; x_wconf 84' lang='lat' dir='ltr'><strong>visionibus</strong></span> <span class='ocrx_word' id='word_1_251' title='bbox 826 3510 875 3567; x_wconf 86' lang='lat' dir='ltr'><strong>sed</strong></span> <span class='ocrx_word' id='word_1_252' title='bbox 894 3514 974 3568; x_wconf 86' lang='lat' dir='ltr'><strong>etiam</strong></span> <span class='ocrx_word' id='word_1_253' title='bbox 996 3513 1024 3567; x_wconf 91' lang='lat' dir='ltr'><strong>in</strong></span> <span class='ocrx_word' id='word_1_254' title='bbox 1048 3511 1172 3589; x_wconf 80' lang='lat' dir='ltr'><strong>precibus</strong></span> <span class='ocrx_word' id='word_1_255' title='bbox 1195 3509 1281 3566; x_wconf 88' lang='lat' dir='ltr'><strong>levio-</strong></span> 
     </span>
     <span class='ocr_line' id='line_1_30' title="bbox 226 3595 1281 3676; baseline 0 -24"><span class='ocrx_word' id='word_1_256' title='bbox 226 3597 316 3665; x_wconf 78' lang='lat' dir='ltr'><strong>ribus,</strong></span> <span class='ocrx_word' id='word_1_257' title='bbox 339 3617 408 3673; x_wconf 86' lang='lat' dir='ltr'><strong>qnae</strong></span> <span class='ocrx_word' id='word_1_258' title='bbox 426 3616 518 3652; x_wconf 87' lang='lat' dir='ltr'><strong>omnes</strong></span> <span class='ocrx_word' id='word_1_259' title='bbox 539 3596 606 3653; x_wconf 87' lang='lat' dir='ltr'><strong>banc</strong></span> <span class='ocrx_word' id='word_1_260' title='bbox 629 3595 757 3652; x_wconf 79' lang='lat' dir='ltr'><strong>babentes</strong></span> <span class='ocrx_word' id='word_1_261' title='bbox 780 3607 895 3654; x_wconf 89' lang='lat' dir='ltr'><strong>mentem</strong></span> <span class='ocrx_word' id='word_1_262' title='bbox 917 3608 1033 3676; x_wconf 88' lang='lat' dir='ltr'><strong>possunt</strong></span> <span class='ocrx_word' id='word_1_263' title='bbox 1055 3618 1104 3676; x_wconf 83' lang='lat' dir='ltr'><strong>per</strong></span> <span class='ocrx_word' id='word_1_264' title='bbox 1125 3595 1281 3653; x_wconf 79' lang='lat' dir='ltr'><strong>huiusmodi</strong></span> 
     </span>
     <span class='ocr_line' id='line_1_31' title="bbox 226 3680 1282 3761; baseline 0.005 -23"><span class='ocrx_word' id='word_1_265' title='bbox 226 3680 403 3757; x_wconf 77' lang='lat' dir='ltr'><strong>symbolicam</strong></span> <span class='ocrx_word' id='word_1_266' title='bbox 421 3685 668 3761; x_wconf 84' lang='lat' dir='ltr'><strong>interpretationem</strong></span> <span class='ocrx_word' id='word_1_267' title='bbox 686 3682 738 3739; x_wconf 75' lang='lat' dir='ltr'><strong>deo</strong></span> <span class='ocrx_word' id='word_1_268' title='bbox 756 3685 964 3743; x_wconf 84' lang='lat' dir='ltr'><strong>accommodari:</strong></span> <span class='ocrx_word' id='word_1_269' title='bbox 988 3705 1070 3761; x_wconf 77' lang='lat' dir='ltr'><strong>quare</strong></span> <span class='ocrx_word' id='word_1_270' title='bbox 1092 3704 1146 3740; x_wconf 82' lang='lat' dir='ltr'><strong>non</strong></span> <span class='ocrx_word' id='word_1_271' title='bbox 1164 3682 1282 3743; x_wconf 70' lang='lat' dir='ltr'><strong>uenam</strong></span> 
     </span>
     <span class='ocr_line' id='line_1_32' title="bbox 225 3768 1053 3849; baseline 0.004 -26"><span class='ocrx_word' id='word_1_272' title='bbox 225 3770 387 3837; x_wconf 76' lang='lat' dir='ltr'><strong>erratione,</strong></span> <span class='ocrx_word' id='word_1_273' title='bbox 407 3772 430 3826; x_wconf 90' lang='lat' dir='ltr'><strong>si</strong></span> <span class='ocrx_word' id='word_1_274' title='bbox 449 3791 501 3847; x_wconf 84' lang='lat' dir='ltr'><strong>qna</strong></span> <span class='ocrx_word' id='word_1_275' title='bbox 519 3792 534 3826; x_wconf 87' lang='lat' dir='ltr'><strong>a</strong></span> <span class='ocrx_word' id='word_1_276' title='bbox 552 3791 594 3826; x_wconf 87' lang='lat' dir='ltr'><strong>me</strong></span> <span class='ocrx_word' id='word_1_277' title='bbox 613 3789 694 3848; x_wconf 89' lang='lat' dir='ltr'><strong>super</strong></span> <span class='ocrx_word' id='word_1_278' title='bbox 712 3768 754 3824; x_wconf 85' lang='lat' dir='ltr'><strong>bis</strong></span> <span class='ocrx_word' id='word_1_279' title='bbox 773 3769 907 3826; x_wconf 79' lang='lat' dir='ltr'><strong>adl‘eretur</strong></span> <span class='ocrx_word' id='word_1_280' title='bbox 924 3771 1053 3849; x_wconf 81' lang='lat' dir='ltr'><strong>apologia.</strong></span> 
     </span>
    </p>

    <p class='ocr_par' dir='ltr' id='par_1_7' title="bbox 189 3853 1284 4281">
     <span class='ocr_line' id='line_1_33' title="bbox 189 3853 1282 3936; baseline 0.003 -27"><span class='ocrx_word' id='word_1_281' title='bbox 189 3853 209 3910; x_wconf 85' lang='grc'>4</span> <span class='ocrx_word' id='word_1_282' title='bbox 298 3854 376 3927; x_wconf 72' lang='lat' dir='ltr'><strong>Quae</strong></span> <span class='ocrx_word' id='word_1_283' title='bbox 393 3867 479 3912; x_wconf 83' lang='lat' dir='ltr'><strong>autem</strong></span> <span class='ocrx_word' id='word_1_284' title='bbox 497 3867 645 3933; x_wconf 82' lang='lat' dir='ltr'><strong>sequnntur</strong></span> <span class='ocrx_word' id='word_1_285' title='bbox 664 3858 833 3934; x_wconf 76' lang='lat' dir='ltr'><strong>quaestiones</strong></span> <span class='ocrx_word' id='word_1_286' title='bbox 852 3859 946 3916; x_wconf 81' lang='lat' dir='ltr'><strong>maioni</strong></span> <span class='ocrx_word' id='word_1_287' title='bbox 958 3879 1026 3936; x_wconf 84' lang='lat' dir='ltr'><strong>opus</strong></span> <span class='ocrx_word' id='word_1_288' title='bbox 1038 3858 1138 3914; x_wconf 80' lang='lat' dir='ltr'><strong>babent</strong></span> <span class='ocrx_word' id='word_1_289' title='bbox 1149 3856 1282 3923; x_wconf 80' lang='lat' dir='ltr'><strong>doctrina,</strong></span> 
     </span>
     <span class='ocr_line' id='line_1_34' title="bbox 222 3941 1284 4021; baseline 0.002 -24"><span class='ocrx_word' id='word_1_290' title='bbox 222 3942 251 3997; x_wconf 87' lang='lat' dir='ltr'><strong>si</strong></span> <span class='ocrx_word' id='word_1_291' title='bbox 270 3941 332 4016; x_wconf 76' lang='lat' dir='ltr'><strong>quis</strong></span> <span class='ocrx_word' id='word_1_292' title='bbox 350 3943 416 3997; x_wconf 86' lang='lat' dir='ltr'><strong>satis</strong></span> <span class='ocrx_word' id='word_1_293' title='bbox 435 3942 513 4018; x_wconf 79' lang='lat' dir='ltr'><strong>digne</strong></span> <span class='ocrx_word' id='word_1_294' title='bbox 530 3943 598 4000; x_wconf 81' lang='lat' dir='ltr'><strong>velit</strong></span> <span class='ocrx_word' id='word_1_295' title='bbox 619 3963 742 4001; x_wconf 86' lang='lat' dir='ltr'><strong>sermone</strong></span> <span class='ocrx_word' id='word_1_296' title='bbox 764 3942 910 4021; x_wconf 81' lang='lat' dir='ltr'><strong>explicare3</strong></span> <span class='ocrx_word' id='word_1_297' title='bbox 935 3953 1042 4021; x_wconf 85' lang='lat' dir='ltr'><strong>oportet</strong></span> <span class='ocrx_word' id='word_1_298' title='bbox 1064 3953 1201 4019; x_wconf 63' lang='lat' dir='ltr'><strong>nauaque</strong></span> <span class='ocrx_word' id='word_1_299' title='bbox 1222 3943 1284 3999; x_wconf 89' lang='lat' dir='ltr'><strong>bre·</strong></span> 
     </span>
     <span class='ocr_line' id='line_1_35' title="bbox 225 4025 1284 4108; baseline 0.001 -24"><span class='ocrx_word' id='word_1_300' title='bbox 225 4029 294 4084; x_wconf 82' lang='lat' dir='ltr'><strong>viter</strong></span> <span class='ocrx_word' id='word_1_301' title='bbox 312 4025 347 4083; x_wconf 75' lang='lat' dir='ltr'><strong>de</strong></span> <span class='ocrx_word' id='word_1_302' title='bbox 364 4027 399 4082; x_wconf 89' lang='lat' dir='ltr'><strong>iis</strong></span> <span class='ocrx_word' id='word_1_303' title='bbox 418 4029 490 4103; x_wconf 81' lang='lat' dir='ltr'><strong>qnod</strong></span> <span class='ocrx_word' id='word_1_304' title='bbox 507 4047 600 4086; x_wconf 82' lang='lat' dir='ltr'><strong>verum</strong></span> <span class='ocrx_word' id='word_1_305' title='bbox 618 4034 654 4106; x_wconf 80' lang='lat' dir='ltr'><strong>sit</strong></span> <span class='ocrx_word' id='word_1_306' title='bbox 672 4029 821 4108; x_wconf 86' lang='lat' dir='ltr'><strong>complecti.</strong></span> <span class='ocrx_word' id='word_1_307' title='bbox 869 4033 974 4107; x_wconf 87' lang='lat' dir='ltr'><strong>qnaeris</strong></span> <span class='ocrx_word' id='word_1_308' title='bbox 993 4032 1064 4086; x_wconf 85' lang='lat' dir='ltr'><strong>enim</strong></span> <span class='ocrx_word' id='word_1_309' title='bbox 1081 4030 1148 4106; x_wconf 88' lang='lat' dir='ltr'><strong>qnid</strong></span> <span class='ocrx_word' id='word_1_310' title='bbox 1166 4029 1220 4086; x_wconf 90' lang='lat' dir='ltr'><strong>sibi</strong></span> <span class='ocrx_word' id='word_1_311' title='bbox 1237 4049 1284 4085; x_wconf 84' lang='lat' dir='ltr'><strong>ve·</strong></span> 
     </span>
     <span class='ocr_line' id='line_1_36' title="bbox 226 4111 1284 4194; baseline 0.002 -25"><span class='ocrx_word' id='word_1_312' title='bbox 226 4113 277 4170; x_wconf 90' lang='lat' dir='ltr'><strong>lint</strong></span> <span class='ocrx_word' id='word_1_313' title='bbox 294 4115 401 4170; x_wconf 85' lang='lat' dir='ltr'><strong>nomina</strong></span> <span class='ocrx_word' id='word_1_314' title='bbox 420 4111 488 4168; x_wconf 90' lang='lat' dir='ltr'><strong>nibil</strong></span> <span class='ocrx_word' id='word_1_315' title='bbox 506 4116 697 4189; x_wconf 72' lang='lat' dir='ltr'><strong>significantia?</strong></span> <span class='ocrx_word' id='word_1_316' title='bbox 742 4137 796 4174; x_wconf 91' lang='lat' dir='ltr'><strong>non</strong></span> <span class='ocrx_word' id='word_1_317' title='bbox 815 4127 878 4174; x_wconf 85' lang='lat' dir='ltr'><strong>sunt</strong></span> <span class='ocrx_word' id='word_1_318' title='bbox 895 4127 984 4173; x_wconf 82' lang='lat' dir='ltr'><strong>autem</strong></span> <span class='ocrx_word' id='word_1_319' title='bbox 1001 4127 1083 4194; x_wconf 89' lang='lat' dir='ltr'><strong>prout</strong></span> <span class='ocrx_word' id='word_1_320' title='bbox 1099 4126 1130 4173; x_wconf 89' lang='lat' dir='ltr'><strong>tu</strong></span> <span class='ocrx_word' id='word_1_321' title='bbox 1142 4117 1284 4173; x_wconf 85' lang='lat' dir='ltr'><strong>existimas</strong></span> 
     </span>
     <span class='ocr_line' id='line_1_37' title="bbox 227 4201 1284 4281; baseline 0.003 -27"><span class='ocrx_word' id='word_1_322' title='bbox 227 4201 421 4275; x_wconf 79' lang='lat' dir='ltr'><strong>significatione</strong></span> <span class='ocrx_word' id='word_1_323' title='bbox 448 4219 531 4257; x_wconf 87' lang='lat' dir='ltr'><strong>cassa.</strong></span> <span class='ocrx_word' id='word_1_324' title='bbox 581 4220 670 4258; x_wconf 84' lang='lat' dir='ltr'><strong>verum</strong></span> <span class='ocrx_word' id='word_1_325' title='bbox 693 4206 748 4260; x_wconf 88' lang='lat' dir='ltr'><strong>sint</strong></span> <span class='ocrx_word' id='word_1_326' title='bbox 769 4205 847 4261; x_wconf 88' lang='lat' dir='ltr'><strong>nobis</strong></span> <span class='ocrx_word' id='word_1_327' title='bbox 870 4207 960 4280; x_wconf 80' lang='lat' dir='ltr'><strong>ignota</strong></span> <span class='ocrx_word' id='word_1_328' title='bbox 985 4203 1115 4281; x_wconf 71' lang='lat' dir='ltr'><strong>quaedam</strong></span> <span class='ocrx_word' id='word_1_329' title='bbox 1137 4201 1180 4260; x_wconf 86' lang='lat' dir='ltr'><strong>vel</strong></span> <span class='ocrx_word' id='word_1_330' title='bbox 1208 4212 1284 4268; x_wconf 63' lang='lat' dir='ltr'><strong>notu</strong></span> 
     </span>
    </p>
   </div>
   <div class='ocr_carea' id='block_1_5' title="bbox 0 0 1402 4876">
    <p class='ocr_par' dir='ltr' id='par_1_8' title="bbox 0 0 1402 4876">
     <span class='ocr_line' id='line_1_38' title="bbox 0 0 1402 4876; baseline 0 0"><span class='ocrx_word' id='word_1_331' title='bbox 0 0 1402 4876; x_wconf 95' lang='lat' dir='ltr'><strong> </strong></span> 
     </span>
    </p>
   </div>
  </div>
 </body>
</html>
