2776 4876
563 353 695 411 Praefatio
713 354 834 410 editoris.
1191 371 1225 412 x!

170 519 298 602 μᾶλλον
312 512 533 600 -ὃαιμόνιιν
561 518 617 581 καὶ
646 538 664 579 a
693 517 721 580 B
751 518 902 593 omissae,
938 518 971 578 in
1000 516 1031 579 Ι)
1060 514 1223 603 leguntur.

164 620 266 699 immo
286 628 441 693 'codicem
463 630 491 692 B
514 631 688 693 recentiori
717 626 854 692 familiae
884 626 1126 691 adscribendum
1154 646 1224 694 csse

171 745 331 807 coniicere
360 721 435 805 licet
464 763 482 805 e
510 763 583 829 pag.
596 743 639 806 68
661 766 691 805 v.
708 745 741 821 1,
770 740 826 804 ubi
849 740 880 803 Ι)
901 724 1001 803 babet
1031 737 1119 804 ὀρῶν
1143 743 1224 825 (pro

172 849 434 937 ἀνθρώπων)Β
463 863 569 918 autem
592 854 697 930 θεῶν,
728 852 816 937 quod
846 873 883 916 er
914 848 1002 916 ἀνεῖν
1024 851 1118 916 facile
1148 853 1225 915 oriri

102 1024 105 1031 .
172 969 315 1053 potuisse
337 987 433 1032 nemo
455 987 524 1030 non
546 963 642 1028 videt
687 974 774 1027 arcta
797 952 942 1029 codicum
957 962 1051 1028 ACD
1076 965 1224 1049 cognatio

171 1087 262 1164 patet
284 1099 302 1142 e
324 1101 397 1165 pag.
412 1079 475 1142 193
497 1101 527 1141 v.
542 1079 591 1154 17,
621 1075 678 1139 ubi
706 1086 781 1160 post
803 1071 987 1158 ὁμοιότητα
1017 1073 1141 1139 addunt
1168 1077 1226 1139 καὶ

172 1189 212 1253 δι’
234 1185 415 1273 ὁμοιότητα
439 1189 526 1275 quod
548 1190 577 1253 B
601 1191 727 1253 omittit.

259 1301 313 1365 De
328 1305 442 1366 ceteris
467 1300 632 1365 codicibus
649 1323 667 1363 a
684 1299 790 1364 Gaieo
806 1297 956 1364 adhibitis
979 1322 1080 1384 pauca
1104 1308 1226 1364 tantum
1300 1280 1303 1285 ¹

171 1411 331 1477 monenda
355 1427 440 1478 sunt.
485 1412 613 1478 codices
629 1411 750 1477 ABCI)
765 1433 832 1475 non
849 1434 867 1476 e
883 1413 1034 1476 Parisinis
1050 1413 1226 1496 exscriptos
1250 1478 1254 1482 .
1273 1487 1278 1496 ¹

173 1547 252 1604 esse,
273 1525 385 1589 videre
409 1536 458 1590 est
480 1547 553 1612 pag.
570 1524 630 1588 181
648 1548 678 1588 v.
692 1526 721 1589 7.
738 1525 768 1602 8,
790 1524 847 1587 ubi
869 1522 1027 1588 nonnulla
1042 1547 1061 1587 a
1076 1524 1226 1588 Parisinis

173 1641 394 1721 praetermissa
415 1641 449 1702 in
467 1633 587 1701 ABCD
610 1639 829 1701 inveniuntur.
873 1636 1041 1700 Feschiani
1062 1656 1134 1699 cum
1156 1633 1227 1699 Go-

173 1749 271 1814 tbano
288 1750 324 1813 'D
349 1772 549 1829 consensum,
572 1749 759 1813 aJacobsio
776 1747 972 1828 affirmatum,
996 1745 1144 1832 equidem
1159 1766 1228 1811 non

173 1860 389 1926 animadverti
434 1865 519 1926 inter
547 1842 641 1925 unam
666 1872 698 1926 ct
727 1863 958 1948 quinquaginta
987 1859 1150 1923 amborum
1174 1879 1228 1922 co-

172 1972 277 2037 dicum
300 1973 457 2039 lectiones
480 1996 499 2037 a
520 1996 571 2038 me
593 1982 737 2052 notatas,
760 1970 979 2038 novemdecim
1005 1980 1128 2036 tantum
1151 1990 1228 2033 con-

171 2096 301 2173 gruunt,
325 2089 455 2172 triginta
478 2096 511 2149 ct
534 2085 617 2149 duae
640 2084 843 2150 dissentiunt.
887 2087 1097 2149 Feschianum
1121 2093 1228 2147 tamen

172 2197 293 2284 aliquid
316 2198 377 2262 sibi
399 2201 564 2284 proprium
579 2199 697 2262 habere
722 2198 865 2263 ostendit
887 2220 963 2286 pag.
978 2199 1036 2261 191
1054 2220 1084 2260 v.
1100 2199 1149 2275 lt,
1172 2197 1229 2261 ubi

127 2353 133 2362 -
171 2310 223 2374 bic
246 2308 335 2374 solus
357 2310 454 2374 babet
477 2311 633 2398 διαφέρει,
662 2309 781 2394 reliqui
803 2314 940 2396 προέχει,
970 2319 1003 2372 et
1025 2311 1132 2397 pag.2
1155 2332 1185 2372 v.
1197 2311 1228 2387 6,

173 2422 228 2486 ubi
251 2424 279 2485 B
302 2433 335 2486 ct
356 2423 552 2486 Feschianus
575 2420 727 2485 exhibent
748 2425 928 2509 προτείνων
942 2417 1026 2505 πρός
1041 2443 1075 2485 τε
1091 2414 1133 2484 cci
1149 2424 1229 2505 ἐρω-

172 2530 313 2620 τήματα.
690 2612 709 2621 -

261 2645 402 2711 Codices
425 2648 529 2710 nostri
552 2644 674 2712 ABCD
699 2669 769 2710 cum
793 2645 937 2712 editione
961 2645 1141 2711 Oxoniensi
1163 2640 1230 2707 col-

174 2756 229 2820 tati
258 2769 342 2821 sunt.
394 2758 508 2823 borum
539 2758 685 2823 codicum
717 2762 941 2825 auctoritatem
975 2778 1138 2844 nunquam
1168 2757 1229 2820 nisi

173 2872 297 2933 monito
320 2867 443 2934 lectore
466 2866 592 2955 reliqui.
638 2874 722 2934 inter
750 2894 786 2937 se
816 2875 999 2937 consentire
1021 2869 1150 2936 codices
1172 2851 1238 2956 pu?

174 2980 263 3045 tandi
278 2991 362 3059 sunt,
378 2983 436 3047 ubi
452 2982 605 3048 editionis
621 2992 743 3047 tantum
760 2983 921 3048 dissensus
936 2983 1105 3048 indicatur.
1134 3006 1229 3069 quem

174 3093 352 3158 dissensum
376 3105 531 3159 annotare
554 3099 649 3159 etiam
665 3099 703 3160 iis
719 3099 752 3159 in
769 3095 849 3160 locis
870 3095 1023 3161 idoneum
1040 3095 1123 3174 duxi,
1147 3117 1229 3181 quos

173 3210 243 3291 ipse
257 3204 380 3270 Galeus
396 3209 429 3270 in
445 3209 532 3271 notis
548 3218 662 3293 postea
678 3211 824 3273 correxit.
862 3210 1105 3272 annotationum
1128 3229 1230 3272 exem-

173 3317 227 3404 pla
250 3340 422 3404 apponam:
444 3342 517 3408 pag.
532 3323 572 3385 17
595 3344 626 3383 v.
643 3324 679 3385 11
699 3320 819 3408 iegitur
835 3318 1030 3406 ἀδιαίρετον,
1055 3330 1230 3383 annotatur
1250 3314 1254 3325 ’

173 3427 368 3517 ἀδιαίρηεον
392 3433 433 3510 O,
462 3436 562 3519 igitur
585 3433 712 3498 codices
736 3432 860 3498 ABCD
890 3433 1010 3497 babent
1031 3428 1228 3516 ἀδιαίρετον.

173 3545 247 3606 item
271 3542 311 3607 ad
335 3566 408 3632 pag.
427 3549 465 3609 15
480 3569 511 3608 v.
528 3547 567 3610 12
591 3556 779 3610 annotatur:
804 3547 870 3610 τῶν
893 3566 954 3609 om.
972 3544 1020 3620 03
1043 3544 1117 3609 hinc
1140 3544 1230 3610 colii-

172 3677 229 3741 gas
244 3658 310 3720 εῶν
324 3656 390 3745 legi
407 3661 440 3721 in
455 3657 590 3724 ABCD.
637 3667 749 3722 contra
765 3680 836 3721 cum
858 3657 899 3721 ad
921 3679 994 3745 pag.
1008 3659 1050 3723 76
1066 3680 1097 3723 v.
1113 3661 1152 3723 13
1175 3680 1230 3725 an-

173 3778 319 3833 notetur:
344 3780 420 3855 post
441 3766 644 3854 άγαλμάεων
668 3771 700 3835 O
725 3769 814 3833 addit
836 3765 962 3852 λόγους,
984 3792 1096 3835 vocem
1112 3768 1230 3858 λόγους

171 3884 206 3945 in
229 3881 352 3947 ABCI)
377 3885 523 3947 omissam
547 3904 617 3947 esse
640 3885 730 3946 scias.
776 3904 876 3969 porro
900 3904 970 3970 pag.
987 3886 1026 3947 13
1047 3908 1077 3948 v.
1091 3887 1125 3950 8:
1148 3906 1230 3970 συμ-

172 4001 305 4083 φέρειν]
331 3999 378 4060 εἰε
400 3998 439 4074 Α,
468 4000 623 4084 συμφέρει
649 3994 690 4070 Ο,
720 4017 760 4061 eo
784 3997 951 4075 indicatur,
975 4020 1012 4063 ex
1033 3997 1126 4063 BCD
1150 3995 1230 4061 nibil

175 4118 374 4187 annotatum,
410 4110 469 4172 hos
497 4110 595 4195 igitur
625 4108 751 4173 codices
780 4133 851 4174 cum
881 4111 1022 4176 editione
1051 4110 1229 4175 Oxoniensi

174 4225 357 4287 consentire
381 4221 543 4306 putandos
568 4243 646 4286 esse.
695 4223 831 4308 denique
854 4247 928 4310 pag.
940 4226 1005 4289 233
1028 4246 1056 4287 v.
1073 4223 1107 4286 4:
1136 4220 1230 4289 οὐδὲν
