2776 4876
139 336 193 399 7,s
1138 337 1196 392 259

137 492 267 577 πρεπῶς
289 491 439 573 νομίμων
461 491 517 554 καὶ
540 485 578 554 τό
601 486 838 571 ἀμετάπτωτον
853 487 967 565 αὐτοῖς
982 486 1195 577 συναρμόζει·

137 604 193 667 καὶ
216 603 264 666 δεῖ
287 594 329 665 τά
353 601 418 664 τῶν
440 601 591 665 παλαιῶν
613 597 723 685 εὐχῶν,
747 596 854 684 ὥσπερ
884 596 958 685 ἱερά
986 596 1108 678 ἀσυλα,
1137 626 1195 681 τη-

103 727 118 778 3
138 715 273 801 ρεῖσθαι
291 708 377 776 κατά
393 705 434 775 roi
450 708 535 776 αὐτά
558 713 614 776 καὶ
637 707 799 788 ὡσαύτως,
821 707 904 794 μήτε
920 708 1151 799 ἀφαιροῦντας
1165 736 1196 778 τι

138 822 196 892 ἀπ’
213 821 322 889 αὐτῶν
343 822 425 906 μήτε
442 824 688 906 προστιθέντας
703 845 735 885 τι
750 820 868 898 αὐτοῖς
883 817 1087 906 ἀλλαχόθεν
1125 843 1197 908 σχε-

138 931 199 1001 δόν
221 928 286 1019 χάρ
308 935 365 998 καὶ
388 934 486 999 τοῦτο
510 931 616 999 α’ίτιον
638 937 709 999 νυνὶ
731 937 844 1016 χίχουε
860 935 920 996 τοῦ
934 928 1045 997 πάντα
1063 930 1196 1012 ἐξίτηλα

104 1048 382 1124 υκαθεστηκίναι
410 1048 466 1110 καὶ
488 1038 529 1108 τά
553 1041 705 1125 ὀνόματα
733 1046 790 1108 καὶ
814 1038 856 1108 τά
879 1046 944 1108 τῶν
972 1040 1082 1128 εὐχῶν,
1112 1040 1194 1111 διότι

137 1152 415 1243 μεταβαλλόμενα
438 1153 490 1219 ἀεὶ
513 1150 568 1220 daci
591 1150 652 1234 τὴν
674 1157 890 1240 καινοτομίαν
905 1157 962 1219 καὶ
979 1158 1196 1242 παρανομίαν

139 1268 204 1336 τῶν
232 1261 397 1346 Ἑλλήνων
427 1263 522 1331 οὐδὲν
548 1261 697 1333 παίεται.
747 1261 845 1354 φύσει
869 1261 936 1350 χάρ
953 1261 1107 1345 ’Έλληνες
1136 1271 1198 1332 slot

104 1391 120 1442 9
139 1381 368 1463 νεωτεροποιοὶ
381 1379 438 1442 καὶ
449 1360 605 1461 ἀτέοντες
616 1382 776 1466 φέρονται
786 1377 950 1461 πανταχῆ,
962 1372 1057 1442 οὐδὲν
1069 1379 1198 1462 ἔχοντες

142 1495 227 1576 ἕρμα
250 1495 285 1555 ἐν
307 1493 449 1570 ἑαυτοῖς,
472 1485 541 1553 οὐδ’
562 1484 643 1573 ὅπερ
666 1485 709 1555 ἀν
732 1483 994 1574 δίξωνταιπαρά
1010 1511 1106 1552 τινων
1125 1488 1198 1557 δια·

140 1595 370 1689 φυλάττοντες,
394 1593 480 1665 ἀλλά
502 1602 678 1665 καὶτοῦτο
703 1597 801 1678 ἀξίως
823 1596 964 1689 ἀφέντες
984 1594 1097 1663 πάντα
1112 1593 1197 1662 κατά

89 1720 122 1770 12
140 1704 201 1790 τάν
228 1705 375 1777 ἀστατον
404 1709 628 1796 εὑρεσιλοχίαν
656 1705 935 1796 μεταπλάττουσι·
964 1705 1135 1797 βάρβαροι
1162 1709 1197 1773 δὲ

139 1817 275 1905 μόνιμοι
297 1831 366 1898 τοῖς
388 1817 509 1902 ἤθεσιν
533 1817 624 1899 ὄντες
652 1825 708 1888 καὶ
731 1833 801 1898 τοῖς
823 1816 933 1904 λόχοις
954 1821 1099 1904 βεβαίως
1127 1828 1198 1896 τοῖς

141 1930 254 2010 αὐτοῖς
275 1917 466 2018 ἐμμένουσι·
495 1929 609 2020 διόπερ
638 1931 735 2000 αὐτοί
757 1937 791 2000 τί
821 1939 884 2001 εὶσι
910 1933 1105 2019 προσφιλεῖς
1127 1941 1198 2006 τοῖς

91 2059 123 2108 15
142 2045 241 2120 θεοῖς
259 2047 314 2109 καὶ
335 2038 413 2118 τούς
427 2039 546 2125 λόγους
561 2042 674 2120 αὐτοῖς
688 2049 914 2132 προσφέρουσι
928 2045 1196 2126 κεχαρισμένους·

141 2154 323 2238 διαμείβειν
345 2156 380 2221 δὲ
403 2149 523 2230 αὐτοὺς
538 2152 609 2221 κατ’
626 2152 745 2220 οὐδένα
760 2150 885 2238 τρόπον
901 2152 1011 2219 οὐδενὶ
1027 2147 1198 2238 ἀνθρώπῳ

140 2259 284 2349 θεμιτόν
307 2269 384 2330 ἐστι.
430 2267 578 2329 τοσαῦτα
600 2266 752 2348 καὶπερὶ
781 2267 846 2328 τῶν
876 2257 1050 2345 ὀνομότων
1072 2265 1137 2327 τῶν
1163 2283 1197 2326 τε

213 2548 237 2599 3.
265 2540 443 2616 ἀφαιροῦντες
460 2544 491 2597 Β.
605 2547 630 2596 5.
658 2540 767 2612 ίξὴτηλα
786 2545 836 2625 Ι).Ι
936 2546 960 2594 7.
989 2541 1147 2611 κενοτομίαν
1164 2539 1198 2590 D.

213 2634 238 2685 9.
266 2628 377 2690 ἀττονες
395 2628 449 2693 Ac,
465 2626 608 2705 *ricrossae
625 2631 659 2682 D.
733 2632 774 2682 11.
798 2625 919 2708 ἀφιέντες
933 2627 1011 2680 Aen.
1086 2628 1127 2697 13.
1150 2623 1198 2695 μό·

212 2738 288 2786 νυμοι
305 2717 340 2769 Ι).
362 2710 374 2784 ΙΙ
396 2714 468 2781 τοῖς]
487 2714 533 2783 τῆς
551 2716 582 2767 B.

143 3001 205 3047 sunt
224 2993 269 3068 qni
286 2993 367 3069 primi
385 2989 459 3069 leges
477 2991 556 3046 nobis
575 2991 610 3047 de
628 2993 802 3047 sanctimonia
826 2989 964 3068 religionis
982 2987 1133 3055 tradidere,
1158 2989 1198 3045 sic

142 3098 345 3155 perseveramus
364 3080 391 3133 in
410 3080 452 3133 iis.
498 3080 522 3133 si
542 3068 609 3154 quid
626 3079 697 3133 enim
715 3076 787 3133 aliud
810 3080 840 3132 in
863 3073 1073 3133 cracerdotalibu
1093 3073 1199 3127 institn-

143 3164 261 3220 tionibus
280 3164 332 3221 deo
354 3174 495 3241 congruat,
520 3183 584 3220 sane
603 3166 752 3221 constantia
776 3174 803 3219 et
824 3160 1025 3220 immutabilitas
1048 3161 1199 3235 praecipue.

143 3259 252 3326 oportet
269 3252 348 3306 etiam
366 3253 439 3309 ritus
454 3251 618 3309 adorationis
637 3251 762 3325 antiquos
776 3260 909 3325 tamquam
921 3267 997 3304 sacra
1009 3245 1084 3321 asyla
1096 3265 1201 3323 semper

143 3355 305 3394 conservare
326 3337 437 3394 eosdem
459 3346 487 3393 et
509 3335 601 3393 eodem
624 3334 719 3402 morlo,
742 3333 810 3393 nibil
833 3335 866 3390 ab
889 3337 923 3390 iis
946 3331 1111 3390 detrahendo
1130 3329 1201 3389 nibil

143 3421 251 3479 aliunde
267 3422 428 3481 adiiciendo.
476 3420 557 3478 ferme
575 3440 688 3496 namque
707 3431 734 3478 et
751 3420 803 3477 hoc
822 3440 900 3476 causa
919 3420 1016 3485 extitit,
1039 3417 1112 3492 quod
1130 3437 1200 3492 nuuc

143 3518 199 3564 tum
217 3511 325 3566 nomina
343 3519 400 3568 tum
417 3526 512 3586 preces
530 3508 585 3565 vim
603 3527 679 3567 suam
697 3510 824 3574 amisere;
848 3515 990 3583 propterea
1009 3502 1083 3579 quod
1101 3501 1201 3562 iamdiu

143 3612 245 3667 susque
263 3593 350 3670 deque
367 3603 553 3672 permutarunt
571 3614 602 3650 es
621 3603 649 3650 et
666 3594 753 3653 adbuc
770 3601 923 3671 permutant
942 3589 1039 3649 &aeci
1057 3598 1201 3651 putatores

144 3689 171 3734 et
188 3676 343 3735 violatores.
389 3679 486 3736 Graeci
505 3699 568 3735 sane
592 3699 680 3735 rernm
698 3700 828 3738 novarum
850 3676 967 3736 studiosi
991 3685 1104 3734 suntet
1126 3673 1201 3734 leves

143 3767 349 3840 circumquaque
365 3764 494 3833 volitant,
517 3764 586 3826 nibil
603 3765 733 3824 babentes
751 3767 780 3823 in
805 3785 836 3822 se
853 3763 995 3830 suburrae,
1018 3761 1145 3838 quodque
1168 3760 1201 3815 ab

144 3852 206 3909 aliis
225 3860 387 3929 acceperunt
403 3871 460 3909 aon
476 3861 593 3927 pessum
610 3871 778 3918 conservare,
789 3891 790 3894 ι
802 3849 852 3906 sad
870 3850 925 3906 cito
944 3847 1012 3907 illud
1029 3855 1203 3909 contemnunt

128 3942 287 4016 ¹omniaque
304 3935 503 4005 transformant,
521 3935 662 3996 instabiles
681 3945 709 3995 et
720 3955 818 3994 vocum
830 3955 958 3993 novarum
970 3954 1096 4012 aucupes·
1144 3931 1203 3992 bot·

144 4026 203 4082 bari
219 4044 285 4082 vero
303 4033 333 4083 ut
351 4032 415 4080 sant
436 4023 556 4082 moribus
580 4041 674 4098 graves
698 4023 737 4078 sic
760 4031 788 4080 et
805 4024 833 4081 iu
850 4021 989 4081 vocabulis
1002 4021 1127 4078 tirmiter
1144 4035 1204 4093 per·

144 4119 258 4169 manent.
308 4109 479 4186 quamohrem
497 4118 525 4165 et
542 4109 597 4186 ipsi
615 4118 679 4166 sunt
697 4106 749 4166 diis
761 4110 864 4186 accepti
878 4118 905 4164 et
917 4126 1054 4166 sermones
1067 4107 1100 4161 iis
1113 4112 1202 4179 gratos

144 4195 281 4264 adferunt,
306 4216 373 4272 qnos
393 4195 502 4272 φυὶδεω
519 4203 671 4272 permutare
688 4192 756 4253 nolli
774 4194 912 4256 bominum
936 4191 1008 4269 apud
1028 4211 1076 4249 εοι
1100 4189 1140 4246 las
1158 4201 1199 4251 eat

1000 4297 1052 4352 17*
