2776 4876
224 393 295 460 ¹xxti
483 379 664 438 Praefationes
682 383 816 438 versionis
832 380 865 438 N.
884 379 1018 438 scutellii.

229 543 311 624 fert)
334 541 374 606 ad
397 541 577 605 fenestram.
622 564 697 606 num
723 541 806 606 forte
828 544 950 606 itineris
973 550 1073 606 terret
1095 540 1280 626 prolixitas?

229 676 345 719 novem
369 655 425 718 tibi
450 652 628 718 emetienda
650 652 761 731 stadia,
784 653 901 738 quibus
924 653 965 718 ad
981 654 1122 719 decimae
1137 657 1279 739 requiem

229 777 370 852 optatam
384 770 562 852 pervenias.
595 787 635 830 an
651 763 857 829 difficultates
872 786 1058 852 agonesque
1073 765 1281 830 reformidas?

230 889 263 943 at
283 878 399 943 sustuli
424 899 485 966 ego
510 877 592 942 falce
614 881 731 961 spinas,
753 888 917 962 quotquot
939 881 1041 962 potui,
1065 876 1281 963 tribulosque;

228 992 311 1055 viam
334 993 432 1054 stravi
454 988 632 1053 molliorem
656 999 752 1073 atque
775 988 1016 1076 expeditiorem.
1067 1011 1140 1053 narn
1161 993 1282 1073 primus

230 1099 376 1187 equidem
399 1101 510 1165 duram
532 1103 628 1178 (sicut
648 1104 752 1182 aiunt)
774 1106 848 1188 rupi
870 1101 1019 1190 glaciem:
1047 1123 1164 1186 nempe
1186 1102 1285 1166 chaos

231 1225 300 1279 erat
320 1236 478 1302 magnum,
504 1235 565 1278 nec
588 1224 684 1297 caput
706 1235 813 1278 rerum
835 1236 896 1278 nec
916 1213 1017 1299 pedes
1041 1213 1190 1278 extabant
1218 1234 1284 1277 om-

229 1328 308 1390 nino
330 1325 417 1390 rudis
439 1323 683 1412 indigestaeque
704 1324 807 1390 molis.
852 1347 940 1391 nunc
961 1325 1070 1390 divina
1086 1347 1164 1389 aura
1177 1325 1285 1389 labori

228 1459 302 1503 meo
326 1441 487 1524 aspirante
511 1436 670 1524 digestum
699 1436 799 1501 habes
829 1460 911 1523 opus
941 1443 973 1502 in
1003 1436 1154 1501 decadem
1183 1458 1285 1500 sacra-

230 1554 382 1615 tissimam
404 1557 652 1635 segmentorum.
698 1552 870 1635 quinetiam
900 1550 1010 1614 decem
1040 1548 1097 1613 illa
1119 1558 1284 1637 segmenta

230 1683 290 1748 per
311 1664 450 1747 capitum
470 1661 611 1725 membra
635 1660 773 1725 distinxi.
819 1662 984 1727 elenchum
1000 1664 1076 1725 item
1091 1660 1193 1725 adieci
1215 1672 1285 1725 tan-

231 1796 325 1860 quam
347 1778 382 1837 in
404 1794 499 1837 manu
520 1772 657 1838 indicem
680 1772 826 1838 locorum
845 1776 1026 1860 insignium.
1071 1795 1090 1836 a
1112 1783 1206 1860 tergo
1230 1795 1284 1836 au-

231 1896 295 1951 tem
317 1883 464 1950 hortulos
487 1905 639 1950 amoenos
668 1885 787 1963 locavi,
816 1885 1025 1950 flosculorum
1055 1888 1204 1949 auctariis
1236 1906 1285 1948 re-

230 1997 340 2076 fertos,
364 1999 480 2084 quihus
502 2009 535 2064 te
558 2001 745 2087 gravissima
766 1999 993 2083 mysteriorum
1010 1997 1150 2063 lectione
1167 1998 1286 2061 fessum

229 2131 416 2175 recrearem.
461 2132 568 2196 neque
589 2112 664 2174 mihi
687 2111 844 2175 obieceris
865 2110 1019 2194 phraseos
1043 2109 1284 2196 superciliosam

231 2222 375 2287 fortassis
397 2227 595 2312 gravitatem.
639 2243 706 2287 uon
736 2226 863 2308 ignoras
886 2219 1059 2285 dictionem
1089 2220 1185 2285 rebus
1210 2241 1286 2285 con-

231 2334 373 2400 colorem
397 2358 470 2400 esse
492 2346 656 2422 oportere,
679 2346 714 2399 ut
737 2344 770 2398 et
792 2333 876 2397 levia
899 2333 1021 2412 leviter,
1044 2336 1155 2421 gravia
1178 2342 1284 2396 autem

229 2451 380 2535 graviter,
396 2447 581 2536 theologica
596 2444 790 2533 theologice,
806 2445 913 2509 divina
928 2445 1045 2524 divine,
1061 2444 1285 2531 philosophica

229 2559 451 2645 philosophice
479 2561 702 2623 enuncientur.
746 2561 774 2623 si
797 2579 860 2642 qua
886 2577 966 2621 vero
989 2555 1143 2620 mendosa
1173 2577 1285 2620 occur-

230 2673 340 2749 rerint,
364 2693 402 2734 ea
425 2672 561 2735 obsecro
587 2672 642 2754 qui
658 2670 839 2754 castigatius
854 2668 974 2732 habent
988 2664 1198 2756 παράδειγμα
1214 2688 1284 2732 cor-

230 2785 335 2868 rigant
358 2792 391 2846 et
413 2781 592 2846 emendent.
638 2801 701 2868 ego
726 2802 743 2844 e
773 2779 849 2844 dato
876 2802 985 2865 panno
1009 2788 1128 2844 vestem
1160 2786 1282 2846 consui.

231 2902 268 2956 tu
291 2914 370 2979 ergo
393 2893 545 2957 audacter
566 2891 737 2980 ingredere
760 2891 912 2977 templum
936 2894 999 2957 hoc
1021 2890 1159 2957 Palladis
1182 2916 1283 2982 augu-

230 3007 410 3084 stissimum,
432 3004 490 3069 ubi
511 3014 682 3090 postquam
703 3006 782 3068 mira
805 3004 871 3068 illic
886 3003 1019 3068 donaria
1036 3026 1194 3090 suspensa
1207 3029 1281 3072 con

230 3119 380 3201 spexeris,
402 3119 516 3203 opimis
532 3118 676 3203 Aegypti
699 3116 810 3203 spoliis
833 3117 1021 3203 trophaeum
1038 3115 1169 3184 Christo
1185 3123 1283 3208 erige

230 3238 394 3313 postremo
417 3237 517 3314 portu
539 3227 723 3292 foelicitatis
752 3249 811 3313 per
839 3249 936 3292 verae
964 3229 1132 3317 religionis
1161 3241 1285 3296 rectum

230 3343 387 3406 tramitem
401 3343 533 3425 potitus,
555 3351 766 3427 supersancto
782 3344 867 3427 patri
883 3343 1017 3428 eiusque
1032 3342 1134 3408 verbo
1151 3355 1284 3409 aeterno

230 3451 342 3521 landes
365 3455 471 3517 canito
493 3451 698 3517 immortales.
743 3451 815 3516 vale
837 3464 996 3538 perpetuo
1019 3454 1127 3520 foelix.
