2776 4876
203 329 255 384 168
1185 319 1258 384 ΜΒ

201 491 329 571 έργεται
357 476 539 570 φερόμενα,
572 478 708 562 γνήσιον
737 480 771 544 δὲ
800 477 894 544 οὐδὲν
924 476 999 544 οὐδὲ
1028 479 1152 542 τέλειον
1181 473 1259 542 οὐδὲ

202 597 334 678 ἐναργὲς
362 597 542 672 κέκτηνται.
589 593 684 671 δηλοῖ
713 593 747 657 δὲ
776 592 832 655 καὶ
861 587 880 654 ὁ
909 585 1033 674 τρόπος
1060 586 1170 653 αὐτῶν
1198 590 1260 666 τῆς

201 702 369 785 ποιήσεως.
405 700 445 769 οὐ
465 701 529 787 γάρ
553 697 636 779 θεὸς
657 701 767 770 αὐτῶν
789 707 857 766 ἐστι
874 696 1013 781 ποιητὴς
1027 696 1100 764 ἀλλ’
1117 692 1258 784 άνθρω-
1277 711 1293 763 3

200 838 277 893 πος·
301 814 341 882 οὕ
357 814 386 880 δ’
404 821 438 880 ἐκ
460 818 537 880 τῶν·
548 817 699 881 ἑνοειδῶν
714 817 768 879 καὶ
784 814 912 890 νοητῶν
928 809 1048 876 οὐσιῶν
1061 805 1258 897 παράγεται,

201 924 274 993 ἀλλ’
295 920 362 991 ἀπὸ
383 929 443 1006 τῆς
463 923 544 1007 ὕλης
566 928 625 1005 τῆς
654 926 921 1011 λαμβανομένης.
967 925 999 987 τί
1030 913 1089 987 οὖν
1118 916 1259 1003 ἀγαθὸν

200 1041 327 1122 γένοιτο
350 1034 394 1103 ἀν
417 1037 451 1117 ἐξ
479 1035 559 1118 ὕλης
586 1033 778 1122 βλαστάνον
805 1037 861 1100 καὶ
890 1036 955 1098 τῶν
983 1037 1057 1120 περὶ
1085 1029 1146 1112 τὴν
1175 1028 1296 1111 ὕληνν

201 1153 257 1215 καὶ
279 1156 313 1215 ἐν
335 1159 406 1226 τοῖς
427 1146 578 1234 σώμασιν
598 1146 716 1213 ὕλιιιῶν
737 1150 793 1213 καὶ
815 1148 1046 1229 σῶματοειδῶν
1068 1140 1257 1228 δυνάμεωνς

202 1255 223 1340 ἢ
247 1258 305 1325 ἀπ’
325 1258 543 1345 ἀνθρωπίνης
565 1264 679 1346 τέχνης
699 1254 926 1347 ὑφιστάμενον
941 1255 1187 1341 ἀσθενέστερον
1201 1257 1259 1321 καὶ

201 1369 311 1436 αὐτῶν
333 1371 398 1435 τῶν
421 1367 612 1456 ἀνθρώπων
634 1366 791 1455 ὑπάρχον,
813 1371 879 1434 τῶν
900 1362 940 1433 τὸ
963 1365 1047 1432 εἶναι
1069 1365 1158 1451 αὐτῷ
1172 1390 1258 1450 παρ·
1278 1378 1294 1428 9

201 1485 380 1567 εχομέυῶνς
402 1484 485 1567 ποίη
508 1483 542 1546 δέ
566 1484 707 1547 τινικαὶ
730 1485 823 1571 τέχνη
845 1475 1024 1545 πλάττεται
1045 1482 1136 1544 τουτὶ
1157 1473 1196 1545 τό
1212 1477 1258 1543 ε’ί·

201 1592 324 1674 δωλονς
354 1594 482 1676 λέγεται
512 1595 571 1677 μὲν
600 1590 665 1677 γάρ
688 1589 732 1668 ῶς
753 1592 792 1679 τῇ
821 1590 1050 1681 δημιουργικῇ·
1080 1587 1153 1655 ἀλλ’
1173 1586 1258 1669 αὕτη

200 1726 237 1786 γε
258 1705 324 1767 τῶν
346 1702 520 1782 ἀληθινῶν
540 1695 584 1784 ἦν
599 1702 720 1770 οὐσιῶν
742 1699 815 1766 ἀλλ’
832 1699 905 1788 οὕχὶ
921 1698 1061 1766 είδῶλον
1076 1706 1173 1768 τινῶν
1188 1706 1258 1766 ἐπι·
1278 1720 1313 1771 12

200 1810 382 1893 τελεστική·
405 1811 487 1880 ῶστε
509 1817 565 1879 καὶ
587 1812 609 1894 ἡ
632 1808 899 1893 είδολοποιητικὴ
913 1817 1009 1900 τέχνη
1025 1810 1193 1893 πολλοστή
1208 1816 1259 1890 τίς

201 1930 289 1990 ἐστιν
317 1920 385 1990 ἀπὸ
412 1926 473 2005 τῆς
508 1927 697 2014 φυτουργοῦ
724 1926 789 1990 τῶν
817 1922 993 2004 ἀληθινῶν
1009 1905 1257 2008 δημιουργίας·

201 2033 273 2101 ἀλλ’
293 2033 366 2102 οὕδὲ
389 2034 574 2121 ἀναλογίαν
603 2032 677 2102 τινά
699 2031 782 2121 πρὸς
810 2030 871 2113 τὴν
894 2037 997 2100 θείαν
1018 2037 1152 2114 ποίησιν
1176 2032 1259 2100 ἀπο-
1278 2061 1313 2110 15

201 2145 309 2226 σῶζει·
332 2145 372 2213 οὐ
393 2143 457 2231 γάρ
480 2142 535 2213 διά
557 2149 623 2212 τῶν
645 2146 808 2228 οὕρανίῶυ
825 2149 972 2236 φυσικῶν
987 2142 1184 2226 κινήσεονῆ
1200 2147 1259 2224 τῆς

200 2253 288 2323 κατά
309 2262 410 2343 μέρος
431 2255 511 2339 ὕλης
533 2252 556 2337 ἢ
577 2260 643 2323 τῶν
666 2254 838 2342 δυνάμεων
860 2260 925 2322 τῶν
941 2252 1043 2334 οὕτως
1058 2258 1259 2346 διηρημένῶν

201 2368 220 2434 ὁ
243 2364 326 2446 θεὸς
348 2370 538 2455 δημιουργεῖ
558 2365 687 2434 πάντα·
711 2378 785 2444 ταῖς
800 2370 835 2434 δὲ
850 2371 994 2446 ἐννοίαις
1008 2371 1064 2434 καὶ
1077 2365 1258 2453 βονλήσεσι
1279 2389 1313 2442 ιε

200 2482 258 2546 καὶ
280 2490 350 2556 τοῖς
372 2477 486 2557 άῦλοις
508 2479 606 2546 ε’ίδεσι
628 2477 684 2545 διά
706 2482 766 2559 τῆς
789 2479 900 2546 ἀιδίου
916 2503 950 2545 τε
966 2483 1023 2544 καὶ
1037 2478 1259 2564 ὕπερκοσμίον

270 2698 296 2748 2.
324 2697 446 2765 κέκτηταί
473 2697 529 2748 Ab.
639 2698 663 2749 5.
692 2692 804 2765 ἀγαθάν
833 2697 865 2748 Ι).
975 2699 999 2749 6.
1026 2691 1122 2764 γίνοιτ’
1137 2693 1171 2749 ἀν
1200 2695 1257 2747 Ab.

272 2783 314 2834 10.
343 2783 375 2834 τὸ
394 2803 443 2834 οπο,
464 2784 497 2835 0.
607 2783 649 2834 19.
676 2779 771 2848 εἴδεσι]
790 2779 864 2836 item
881 2783 915 2833 D.

200 2999 294 3056 gressu
312 2978 429 3048 avolant,
446 2982 589 3057 genuinum
606 3001 672 3037 vero
690 2980 758 3037 nihil
776 2992 822 3040 aut
838 2980 987 3059 perfectum
1004 2990 1050 3036 aut
1066 2979 1199 3056 liquidum
1212 2981 1258 3037 ob·

200 3068 294 3122 tinent.
339 3066 413 3141 qnod
431 3067 518 3144 ipsum
531 3067 650 3123 ostendit
661 3066 705 3124 vel
717 3067 813 3124 modus
827 3087 879 3145 quo
892 3067 966 3126 fiunt
1011 3086 1073 3123 uam
1086 3065 1258 3123 denscorum

200 3172 254 3207 non
273 3162 315 3208 est
333 3151 422 3230 opifex
440 3152 489 3210 sed
506 3152 596 3222 bomo,
615 3173 665 3210 nec
682 3154 867 3232 producuntur
885 3174 918 3210 ex
929 3151 1105 3210 uniformibus
1118 3163 1145 3208 et
1156 3152 1258 3208 abstra-

200 3241 252 3295 ctis
271 3241 405 3309 essentiis,
425 3239 475 3296 sed
492 3259 526 3296 ex
543 3243 655 3296 materia
673 3241 802 3298 subiecta.
846 3239 912 3316 quid
923 3250 1012 3296 autem
1023 3241 1089 3296 boui
1101 3260 1135 3296 ex
1147 3241 1258 3295 materia

199 3328 274 3383 nasci
291 3336 383 3405 potest
401 3336 446 3383 aut
464 3347 497 3384 ex
514 3328 652 3404 potentiis,
671 3330 730 3384 sive
748 3329 777 3384 iu
788 3329 899 3383 materia
911 3327 1008 3383 sivein
1021 3325 1180 3404 corporibus
1192 3327 1257 3394 sint,

200 3415 346 3470 materiatis
365 3423 392 3470 et
410 3414 560 3492 corporeis?
587 3433 676 3470 nonne
695 3413 768 3491 quod
785 3412 898 3470 bumana
916 3423 972 3469 arte
990 3413 1115 3469 subsistit
1126 3411 1205 3489 longe
1218 3415 1258 3468 in-

198 3499 302 3556 firmius
315 3511 357 3556 est
368 3503 436 3577 ipsis
449 3498 610 3568 bominibus,
625 3502 670 3576 qui
684 3502 709 3555 ei
718 3501 887 3555 existentiam
897 3500 1141 3556 communicarunt?
1159 3499 1258 3556 deinde

199 3582 301 3639 idolum
318 3584 371 3641 hoc
389 3606 440 3661 qua
459 3585 567 3642 tandem
586 3595 614 3641 et
631 3583 704 3662 quali
722 3594 779 3641 arte
796 3585 922 3662 fingitur?
950 3586 1050 3644 dicitur
1071 3585 1179 3663 quidem
1196 3586 1257 3642 fieri

199 3671 318 3746 potentia
345 3671 461 3747 opificis:
493 3692 523 3728 ea
551 3681 638 3727 autem
660 3691 738 3727 veras
762 3673 894 3727 essentias
917 3671 1061 3730 fabricatur
1087 3693 1143 3728 non
1169 3681 1258 3728 autem

200 3753 286 3811 idola:
309 3755 375 3812 adeo
399 3767 430 3814 ut
454 3758 519 3814 baec
542 3757 676 3814 idolorum
700 3756 885 3834 faciendorum¹
904 3779 947 3814 ars
969 3757 1126 3835 longissime
1148 3758 1220 3814 absit
1242 3779 1258 3814 a

199 3844 324 3899 creatrici
342 3862 431 3898 rerum
453 3864 574 3901 verarum
597 3845 707 3922 opificio
729 3844 829 3902 (livino.
875 3848 956 3901 immo
974 3864 1040 3902 vero
1064 3866 1152 3922 neque
1170 3844 1258 3901 analo-

199 3931 269 4005 giam
287 3937 378 3985 tuetur
396 3948 456 3984 cum
468 3928 558 3987 divina
571 3934 734 4009 operatione.
779 3952 866 4008 neque
878 3935 949 3989 enim
961 3930 1027 3989 «leus
1040 3952 1090 4010 per
1102 3931 1258 3988 caelestium

199 4024 288 4071 motus
307 4011 441 4070 naturales
459 4024 504 4069 aut
520 4036 570 4093 per
587 4020 725 4074 materiam
742 4018 930 4096 particularem
948 4029 994 4075 aut
1011 4038 1061 4097 per
1072 4020 1207 4096 potentias
1220 4020 1258 4073 ita

200 4099 302 4158 divisas
321 4101 408 4157 omnia
428 4097 584 4166 fabricatum
603 4102 652 4158 sed
671 4104 853 4182 intelligentiis
871 4104 1109 4181 voluntatibusque
1129 4114 1156 4160 et
1167 4108 1258 4160 imma·

199 4187 338 4246 terialibus
357 4187 499 4266 speciebus
517 4206 567 4264 per
589 4190 701 4245 animam
723 4200 857 4248 aeternam
880 4191 1121 4270 supermundanam
1139 4201 1166 4247 et
1184 4209 1259 4247 mun·
