2776 4876
210 354 236 418 ³,
248 356 279 406 21
1214 357 1262 411 151

211 505 305 592 μεζόν
328 530 414 585 τινες
433 511 490 574 καί
513 513 594 575 θεῖα
616 516 651 575 έν
674 509 754 595 ἡμίν
777 511 855 592 ε’ίὸη,
878 507 962 597 ἅπερ
986 511 1046 578 stro
1064 510 1187 600 φυσικοί
1203 513 1265 578 είτε

211 615 319 696 ἄλλως
341 616 493 686 ὁπωσοῦν
522 610 564 701 ἦν
595 625 816 705 σωματοειδῆ,
846 622 994 691 ἀδύνατα
1022 621 1195 704 δήπουθεν
1222 614 1265 704 ἦν

176 735 245 794 stu
266 733 333 795 τῶν
363 726 527 816 τυχόντων
555 738 601 810 είς
629 727 671 798 τὰ
692 737 776 799 θεῖα
804 737 1056 820 μεθίστασθαι·
1087 741 1122 799 έν
1150 728 1191 814 δὴ
1219 735 1266 816 τῷ

209 838 352 928 παρόντι
379 837 441 922 miv
463 837 576 930 ψυχὴν
602 841 851 933 ἀποφαίνονται
880 848 1054 913 συναιτίαν
1081 848 1139 926 τῆς
1164 847 1266 922 θείας

212 948 427 1038 συγκράσεως,
449 956 506 1018 καὶ
528 954 631 1033 δῆλον
652 950 704 1020 ὅτι
727 954 853 1035 ίσιίξιος
867 959 994 1041 γίνεται
1008 967 1078 1032 τοῖς
1092 957 1196 1032 θεοῖς,
1219 956 1265 1020 ὃί-

176 1063 291 1129 soom
312 1087 347 1129 τε
370 1061 484 1140 αὐτοῖς
506 1089 537 1131 τι
557 1060 678 1154 μόριον
705 1069 761 1132 καὶ
790 1074 825 1134 έν
851 1071 899 1152 τῷ
925 1073 1017 1158 μέρει
1044 1070 1172 1154 δέχεται
1200 1062 1259 1130 ἀπ’

210 1176 347 1252 ἐκείνων,
368 1179 473 1262 μέτρον
496 1199 529 1241 τι
551 1186 622 1254 τοῖς
642 1180 824 1264 κρείττοσιν
847 1176 1001 1260 έπιθήσει
1023 1180 1078 1245 καί
1101 1172 1186 1258 ainsi
1202 1173 1260 1242 ἀπ’

210 1287 339 1351 ἐκείνων
360 1282 596 1372 ὁρισθήσεται·
625 1283 645 1354 ὃ
669 1289 704 1355 δέ
726 1287 917 1357 δεινότατον
939 1281 984 1357 ὧν
1012 1292 1144 1373 λέγουσί
1171 1309 1264 1366 τινες,

176 1391 261 1461 θὸτι
282 1398 337 1461 καί
360 1402 395 1462 ἐν
416 1401 585 1483 στοιχείων
607 1396 696 1479 τάξει
718 1404 750 1466 οἱ
775 1402 854 1466 θεοί
868 1397 1110 1487 προηγούμενοι
1124 1395 1264 1486 ἐνυπάρ-

209 1504 301 1585 ξουσι
322 1516 393 1584 τοίς
407 1505 681 1595 ἀποτελουμένοις
702 1509 762 1600 ὑφ’
777 1512 910 1589 ίοιυτοῖν,
931 1513 989 1576 καὶ
1003 1513 1095 1577 έσται
1109 1534 1140 1575 τι
1154 1532 1264 1595 παροι-

207 1614 348 1702 χόμενον
369 1613 437 1683 ἀπὸ
457 1615 582 1704 χρόνου
601 1622 658 1686 καὶ
688 1624 746 1702 τῆς
774 1618 860 1687 κατὰ
887 1618 1011 1709 χρόνον
1033 1618 1216 1706 σνμμίξεως
1243 1613 1263 1686 ὃ

156 1736 191 1787 12
208 1733 343 1815 περιέχει
365 1723 441 1806 τοὺς
463 1725 566 1807 θεοὺς
587 1736 622 1797 έν
644 1734 760 1816 έαυτρῖ.
806 1735 838 1797 τί
861 1733 896 1798 δέ
919 1728 960 1813 ὃν)
983 1735 1038 1797 καί
1068 1734 1136 1797 ίστι
1163 1733 1262 1796 τοῦτο

208 1834 246 1905 τὸ
268 1836 450 1926 σύμμικτον
471 1842 531 1921 τῆς
551 1839 762 1920 ὑποστάσεως
784 1839 887 1924 εἶδος,
910 1849 938 1908 εί
958 1847 1019 1927 μέν
1040 1837 1105 1931 χᾶρ
1128 1837 1167 1908 τὸ
1190 1861 1263 1907 ουν-

208 1947 408 2040 οιμφότερον,
430 1948 490 2017 οὐκ
511 1953 603 2017 έσται
624 1955 659 2019 έν
681 1959 717 2018 ts
739 1955 832 2020 δυοῖν
854 1949 941 2019 ἀλλὰ
964 1948 1131 2020 σύνθετόν
1153 1976 1184 2017 τι
1206 1954 1263 2018 καὶ

157 2075 190 2125 15
209 2067 506 2151 συμπεφορημένον
527 2058 595 2129 ἀπὸ
618 2066 684 2128 τῶν
708 2061 782 2130 δύο·
813 2071 840 2130 εί
862 2063 893 2129 δ’
913 2062 957 2141 ὡς
986 2069 1097 2153 ἕτερον
1125 2061 1262 2150 ἀμφοῖν,

208 2168 399 2257 μετάβλητοι
422 2175 514 2239 ἔσται
535 2168 578 2239 τὰ
599 2172 700 2253 ἀίδια,
723 2179 778 2240 καί
801 2170 844 2239 τοὶ
867 2177 947 2240 θεῖοι
971 2178 1036 2239 τῶν
1057 2180 1093 2240 ἐν
1114 2176 1154 2260 τῇ
1175 2177 1262 2256 γενέ-

278 2412 303 2463 3.
329 2409 494 2479 μεθιστάναι
513 2413 547 2474 Α,
593 2415 737 2481 μεθίστοις
756 2412 793 2462 vel
811 2414 963 2480 μιθίσιονς
982 2410 1015 2471 C,
1061 2413 1209 2480 μεθίστονς
1229 2410 1261 2462 1).

288 2490 300 2564 ΙΙ
313 2493 359 2564 δὴ]
373 2496 401 2548 δέ
413 2498 446 2548 Α.
517 2498 541 2549 5.
571 2496 691 2563 ίσσὶξιος]
711 2495 889 2557 sicGalenot„
908 2495 1056 2555 ίσοιέίοιςΟ.
1129 2495 1189 2546 7.8.
1218 2497 1263 2547 καί

278 2578 348 2634 αὐτοὶ
365 2578 415 2633 ἀπ’
429 2585 525 2651 ἐκείνης
549 2582 614 2634 Galo
631 2597 682 2634 not.
810 2584 909 2636 11.12.
939 2578 954 2632 ὃ
977 2579 1104 2652 περιέχει]
1128 2579 1164 2631 εἰσ
1183 2579 1262 2640 Act),

279 2664 343 2738 ὅπερ
361 2668 412 2732 ίχει
429 2665 462 2720 0.
571 2669 612 2720 12.
639 2666 718 2735 τοὺς]
742 2668 809 2739 πρὸς
827 2667 860 2720 D.
970 2669 1011 2719 15.
1043 2668 1261 2736 συμπεφυρμένον

278 2772 363 2818 mongo
375 2751 406 2805 B.
427 2746 440 2820 ΙΙ
461 2750 500 2819 τί]
520 2756 556 2812 τίς
569 2756 601 2816 Α,
628 2758 663 2813 είς
675 2753 751 2819 (com.
765 2750 801 2820 εί)
820 2753 849 2806 C.

208 3001 258 3056 uri
276 3001 306 3054 in
322 3000 409 3055 snims
426 3001 532 3077 species
551 2998 664 3056 divinus.
708 3009 781 3066 esto3
802 2999 850 3056 sod
873 3019 920 3055 ess
942 2996 1075 3054 suintillae
1096 2995 1262 3072 quandoqui-

208 3085 268 3141 dem
285 3092 349 3141 sunt
365 3083 498 3142 naturales
517 3094 544 3141 et
562 3102 715 3162 corporeae,
740 3096 875 3161 utcunque
893 3105 948 3141 non
965 3091 1081 3160 possunt
1100 3080 1204 3136 traduci
1228 3101 1261 3136 ει

208 3170 325 3228 fortuitis
344 3170 378 3226 ad
395 3172 500 3248 speeies
519 3169 678 3248 simpliciter
695 3170 808 3228 divinos.
857 3190 927 3227 nuno
946 3179 1033 3225 sutem
1052 3167 1139 3224 denuo
1162 3164 1261 3222 divitur

208 3259 322 3312 animam
339 3276 399 3314 esse
416 3255 495 3314 huius
513 3256 618 3312 divinae
636 3257 841 3333 compositionis
859 3274 1026 3321 concausam,
1050 3252 1121 3309 unde
1139 3253 1261 3327 sequitui

208 3343 281 3420 quod
293 3344 378 3400 suims
390 3345 448 3420 puri
460 3341 588 3418 dignitate
604 3344 643 3398 sit
660 3362 721 3398 oum
739 3341 800 3410 diis,
819 3340 892 3418 quod
911 3343 945 3397 iis
962 3349 1066 3418 purtem
1084 3339 1261 3395 communicet

208 3439 235 3486 ot
253 3430 285 3486 nb
303 3431 337 3486 iis
355 3448 462 3486 rursum
478 3438 582 3507 partsm
599 3429 725 3506 recipiam
744 3438 823 3505 stqus
840 3427 907 3484 adso
925 3425 1034 3483 modum
1051 3434 1134 3502 ponet
1152 3433 1179 3479 et
1190 3442 1261 3479 msu-

208 3536 299 3572 sursm
316 3534 347 3571 se
365 3513 530 3583 melioribus,
548 3516 698 3590 iterumque
716 3515 749 3572 ab
767 3517 801 3572 iis
819 3515 879 3592 ipss
897 3511 1067 3578 limitabitur3
1085 3521 1113 3566 st
1132 3507 1205 3587 qnod
1217 3506 1261 3565 sb·

207 3599 395 3657 surdissimum
417 3609 459 3655 ost
481 3601 599 3656 omnium
621 3619 690 3675 quse
712 3599 805 3658 dicunt
823 3597 944 3676 quidam,
966 3596 1031 3654 hino
1053 3600 1174 3674 sequitur
1195 3595 1262 3651 deos

207 3698 342 3762 tamquam
364 3683 493 3741 clement·
510 3687 619 3762 praevio
637 3686 752 3762 quodam
770 3684 851 3742 modo
874 3685 964 3740 inesse
986 3685 1020 3739 iis
1043 3682 1167 3739 omnibus
1195 3699 1262 3756 qnos

208 3774 262 3850 ipsi
279 3769 432 3849 perficiunt,
454 3782 481 3828 et
498 3771 571 3849 quod
589 3771 691 3848 sliqnid
708 3772 898 3849 temporarium
916 3779 943 3824 st
960 3789 993 3825 ox
1011 3769 1181 3844 gonmstiono
1196 3775 1261 3822 tom·

208 3859 315 3936 potaris
336 3866 424 3913 ortum
442 3857 508 3914 dnos
526 3861 554 3913 in
572 3877 603 3914 so
620 3857 777 3915 continebit
823 3854 896 3932 quod
919 3873 983 3910 voro
1006 3852 1113 3910 tandem
1135 3856 1188 3910 erit
1208 3850 1261 3907 hoo

209 3947 303 4000 mistos
320 3943 498 4022 hypostaseos
515 3944 615 4022 gonust
664 3945 689 3998 si
711 3942 783 3998 enim
805 3950 938 4016 utrunque
959 3937 1039 3997 simul
1061 3941 1110 4009 sit,
1132 3942 1185 3997 ism
1207 3956 1260 3993 uon

210 4032 262 4086 orit
279 4050 361 4087 unum
379 4030 444 4108 quid
462 4051 496 4088 ex
514 4030 620 4088 duobus
636 4026 687 4086 ssd
704 4029 884 4104 oompositum
906 4025 1015 4103 aliquod
1033 4036 1061 4083 ot
1077 4032 1261 4103 nosospvstum

211 4137 245 4173 ex
257 4117 369 4173 duobus.
416 4119 440 4173 si
452 4139 516 4174 vero
528 4127 558 4174 ut
570 4114 635 4192 quid
647 4116 755 4171 tortium
767 4113 900 4171 resultans
912 4133 947 4170 τι
958 4111 1072 4179 dnobus,
1090 4115 1142 4167 iam
1153 4117 1260 4165 aetem

213 4224 281 4280 quse
298 4214 362 4262 sunt
380 4214 458 4260 erunt
476 4202 623 4272 mutabilis,
641 4199 763 4278 nihilque
773 4199 898 4258 different
908 4200 998 4258 divina
1011 4199 1043 4255 ab
1056 4199 1089 4253 iis
1100 4195 1181 4251 robus
1192 4213 1263 4270 quos
