2776 4876
160 333 196 390 56
1146 328 1173 393 l,
1183 329 1217 382 18

161 487 201 557 τό
222 494 340 570 ἑαυτῆς
360 485 509 575 πάθημα
531 491 708 580 μεταφέρει
723 489 777 554 ἐπὶ
797 481 976 571 τὰπρῶτα
999 483 1106 551 altra·
1144 481 1218 551 οἷον

162 603 192 669 εί
210 627 262 679 τις
286 597 419 688 κάμνειν
439 605 485 685 τῷ
508 596 637 686 σιόματι
663 602 720 666 καὶ
741 593 788 684 μὴ
817 593 998 680 δυνάμενος
1020 599 1133 684 φέρειν
1154 589 1219 677 τήν

162 713 258 796 ἡλίου
284 706 446 793 ζωοποιόν
467 708 663 800 θερμότητα
684 707 816 795 ἐτόλμα,
836 705 1040 798 ψευδόμενος
1063 703 1130 773 ἀπό
1152 710 1252 805 τεῖνε

163 828 289 893 οἰκείων
303 825 427 890 παθῶν
449 829 564 903 εἰπεῖν,4
579 821 623 899 ὡς
645 819 685 890 οὐ
707 815 875 901 λυσιτελής
888 825 977 888 ἐστιν
991 817 1011 886 ὁ
1026 814 1121 899 ἥλιος
1135 816 1224 903 πρὸς.

163 934 291 1021 ὑγίειαν
312 931 335 1015 ἢ
357 931 451 1015 ζωήν.
543 1004 549 1011 ,
928 998 935 1019 ,

224 1088 226 1093 -
251 1047 286 1111 Γ
282 1049 388 1112 ένοιτο
410 1043 439 1110 δ’
460 1039 503 1110 όν
524 1068 556 1110 τι
577 1047 634 1110 καὶ
654 1039 694 1109 τό
716 1047 868 1110 τοιοῦτον
889 1047 925 1109 ἐν
945 1045 985 1133 τῇ
1006 1043 1067 1107 τοῦ
1094 1037 1254 1120 παντόςο

164 1154 311 1240 ἁρμονίᾳ
332 1159 389 1223 καὶ
411 1152 533 1244 κράσει,
562 1155 606 1234 ὡς
627 1151 669 1220 τοὶ
692 1151 779 1222 αὐτοὶ
800 1158 846 1239 τῷ
869 1157 930 1240 μὲν
951 1151 1019 1238 tta
1040 1156 1097 1219 καὶ
1118 1156 1220 1220 παντὶ

165 1263 311 1355 σωτήρια
334 1265 417 1333 εἶναι
440 1261 498 1332 διὰ
518 1260 581 1348 τὴν
602 1264 791 1347 τελειότητα
812 1269 878 1331 τῶν
891 1288 927 1330 τε
941 1259 1084 1332 ἐνόντων
1097 1267 1154 1330 καὶ
1169 1250 1228 1342 οἷς

166 1381 279 1457 ἔνεστι,
307 1389 377 1456 τοῖς
400 1378 434 1442 δὲ
455 1382 568 1466 μέρεσι
588 1373 739 1464 βλαβεροὶ
761 1374 817 1444 διὰ
845 1375 907 1458 τὴν
928 1372 1085 1463 μεριστὴν
1114 1374 1255 1462 &cup-9

164 1492 312 1575 μετρίαν.
357 1491 414 1554 καὶ
441 1494 476 1556 εν
497 1492 538 1582 τῇ
558 1493 619 1557 τοῦ
648 1483 773 1567 παντός
796 1480 860 1556 οὖν
876 1484 1000 1568 κινήσει
1026 1491 1135 1553 πᾶσαι
1161 1490 1223 1572 μὲν

166 1605 203 1677 αἱ
223 1604 402 1690 περιφοραὶ
424 1599 483 1668 τόν
497 1596 609 1669 πόντα
624 1597 751 1686 κόσμον
766 1598 920 1676 ὡσαύτως
934 1594 1223 1690 διαφυλάττουσιν,

165 1713 201 1778 ἓν
222 1714 257 1776 δέ
279 1715 401 1778 τιτῶν
428 1718 464 1779 ἐν
486 1718 576 1800 μίρει
596 1708 755 1788 πολλάκις
778 1711 936 1796 θλίβεται
954 1708 1012 1778 ὑπ’
1032 1705 1136 1777 ἄλλον
1163 1715 1222 1796 μί-
1241 1727 1274 1778 12

166 1846 252 1910 ρους,
265 1819 355 1911 Κὅπερ
378 1827 434 1890 καὶ
448 1829 484 1889 ἐν
501 1820 634 1911 ὀρχήσει
646 1825 835 1912 περιφανῶς
850 1820 979 1909 ὁρῶμεν
993 1816 1200 1908 γιγνόμενον.

255 1930 369 2000 Πόλιν
391 1928 432 2014 δὴ
455 1925 516 2002 οὖν
535 1931 575 2001 τὸ
597 1929 825 2025 φθειρόμενον
847 1937 904 2000 καί
931 1930 1223 2020 μεταβαλλόμενον

167 2041 316 2130 πάθημα
338 2041 511 2137 σύμφυτον
532 2050 657 2131 γίνεται
678 2047 743 2110 τῶν
769 2041 854 2110 κατὰ
875 2050 989 2134 μέρος,
1017 2049 1073 2111 καὶ
1102 2043 1142 2111 οὐ
1174 2047 1224 2112 δεῖ
1242 2069 1274 2120 15

168 2153 362 2223 οὐδὲτοῦτο
384 2167 454 2236 τοῖς
476 2153 566 2236 ὅλοις
587 2160 644 2223 καὶ
665 2153 806 2244 πρώτοις
834 2161 953 2236 αλτίοις
978 2155 1179 2223 ἀνατιθέναι
1201 2137 1224 2238 ἦ

169 2265 212 2347 ὡς
233 2273 269 2334 ἐν
291 2265 402 2347 αὐτοῖς
430 2263 468 2335 όν
497 2264 520 2350 ἢ
542 2267 585 2348 ὡς
607 2267 663 2334 ἀπ’
682 2267 791 2335 αὐτῶν
819 2276 861 2347 εἰς
889 2264 933 2334 τό
953 2271 1029 2360 τῇδε
1058 2271 1223 2350 καθῆκον·

219 2508 263 2561 v2.
291 2507 409 2580 κάμνων]
432 2509 467 2560 sic
485 2510 534 2560 Al)
565 2511 661 2571 Pescla,
679 2496 830 2578 καμνόντων
852 2509 884 2561 0.
998 2511 1023 2562 3.
1051 2523 1107 2578 post
1125 2505 1224 2577 ψευδό-

236 2616 314 2664 μενος
332 2595 378 2648 Ac
396 2596 453 2647 add.
471 2597 609 2648 ἐπικαλεῖν.
686 2597 721 2647 4.“’
740 2598 821 2650 εἰπεῖν
840 2616 891 2648 om.
910 2595 1016 2649 ABCD.
1038 2589 1051 2664 ss
1072 2592 1104 2655 ὥς
1125 2589 1158 2646 οὗ
1177 2597 1225 2646 λυ-

239 2681 342 2750 σιτελής
360 2686 430 2735 ἔστιν
448 2701 498 2734 cm.
518 2680 549 2734 Β.
570 2675 583 2749 ΙΙ
605 2678 620 2733 ὁ
639 2677 711 2749 ἥλιος
728 2702 779 2735 om.
798 2682 902 2736 ABCI).
977 2684 1018 2735 11.
1046 2683 1174 2752 ἐπιφοραὶ
1193 2685 1223 2732 Α.

241 2769 283 2820 13.
310 2766 466 2838 περιφανῶς]
485 2766 520 2818 sic
539 2767 591 2831 AC,
609 2788 659 2819 cm.
680 2767 714 2821 0.
821 2771 863 2823 15.
894 2767 1033 2840 σόμφητον
1054 2768 1083 2819 Β.
1105 2761 1118 2835 ΙΙ
1140 2770 1225 2836 μίμνε·

239 2874 286 2905 ται
302 2853 337 2903 Ι).
417 2855 458 2906 17.
486 2850 589 2920 calceis}
608 2849 680 2922 αὐτῷ
701 2855 778 2906 Act).
800 2849 812 2923 ss
834 2853 883 2920 τὰ]
902 2854 934 2907 τὸ
955 2858 985 2905 Α.

170 3077 291 3154 solisque
308 3077 424 3134 calorem
442 3078 578 3135 vivificum
595 3077 711 3136 tolerare
729 3082 870 3156 nequiens,
894 3079 961 3136 falsu
981 3079 1103 3146 auderet,
1128 3099 1143 3133 a
1167 3080 1227 3135 suis

169 3164 367 3220 infirmitatibus
385 3183 505 3240 arguens,
525 3167 647 3222 incusare
665 3164 749 3221 solem
767 3175 901 3242 tamquam
919 3166 953 3222 ad
972 3165 1085 3222 salutem
1104 3174 1131 3220 et
1143 3166 1228 3221 vitam

170 3251 251 3328 plane
269 3249 398 3307 inutilem.

239 3336 366 3412 Quinimo
384 3339 413 3392 in
430 3339 548 3393 universi
565 3336 701 3395 harmonia
719 3349 746 3396 et
763 3341 833 3396 crasi
853 3341 961 3395 evenire
973 3348 1072 3417 potest,
1091 3348 1121 3393 ut
1133 3335 1228 3393 cadem

171 3445 239 3501 quae
257 3425 311 3479 sint
329 3423 454 3479 salutaria
472 3427 523 3479 toti
541 3426 667 3481 universo
685 3437 797 3504 propter
815 3428 1029 3482 convenientiam
1045 3434 1073 3481 et
1084 3423 1227 3502 perfectio·

170 3531 232 3567 nem
243 3519 412 3588 receptorum
425 3520 452 3566 et
463 3513 657 3588 recipientium,
669 3513 789 3590 partibus
799 3514 906 3568 interim
915 3514 971 3568 sint
978 3510 1104 3568 damnosa
1113 3520 1228 3588 propter

170 3594 345 3673 particulares
363 3597 564 3675 ineptitudines.
600 3619 693 3655 omnes
712 3619 776 3654 sane
794 3600 899 3655 orbium
918 3597 1120 3666 circulationes‚
1144 3608 1175 3653 ut
1191 3597 1227 3655 de

172 3683 304 3737 universis
322 3680 417 3759 loquar
434 3685 561 3753 motibus,
580 3693 666 3739 totum
684 3685 811 3741 mundum
829 3685 954 3742 similiter
972 3694 1140 3751 conservant,
1165 3703 1228 3741 cum

172 3768 280 3823 interim
297 3788 360 3844 pars
379 3768 430 3825 alia
448 3771 481 3826 ab
499 3770 551 3826 alia
569 3769 701 3826 laedatur:
730 3772 863 3847 ρσοιιεοᾶο
886 3793 967 3850 saepe
989 3774 1018 3827 in
1041 3769 1229 3835 saltationibus

171 3855 231 3910 fieri
248 3853 370 3909 videmus
389 3855 446 3924 [ubi
464 3859 548 3913 totius
569 3857 644 3914 chori
662 3857 744 3915 decor
761 3869 895 3928 servatur,
920 3879 980 3916 cum
998 3859 1098 3935 digitus
1116 3868 1161 3914 aut
1177 3877 1229 3934 pes

173 3941 281 3997 interim
299 3939 474 4008 offendatur}

243 4026 347 4083 Rursus
365 4024 484 4082 naturale
502 4039 544 4083 cst
561 4030 641 4087 rebus
659 4031 866 4109 particularibus
884 4034 941 4110 pati
959 4042 986 4088 et
1001 4033 1155 4110 permutari,
1174 4050 1231 4087 nun

175 4123 262 4171 autem
279 4121 387 4191 oportet
412 4112 462 4169 hcc
480 4115 613 4171 universis
637 4127 664 4173 et
685 4121 783 4196 primis
805 4121 892 4176 causis
916 4121 1076 4197 inpingere,
1099 4140 1130 4174 ac
1154 4119 1178 4174 si
1202 4119 1232 4174 in

174 4201 243 4275 ipsis
260 4199 350 4258 locum
362 4197 481 4268 haberet,
500 4199 545 4257 vel
556 4201 590 4258 ab
601 4204 669 4280 ipsis
682 4204 716 4261 ad
730 4205 796 4263 haec
808 4204 932 4264 inferiora
944 4215 1122 4284 promanarct
1150 4215 1231 4281 atque
