2776 4876
133 355 159 419 3,
172 357 205 409 18
1139 365 1192 420 los

130 515 186 578 καὶ
206 507 271 598 γάρ
294 508 394 588 αὐτὸς
417 509 484 578 ἀπό
507 517 572 578 τῶν
593 508 640 598 μη
656 517 760 579 θείων
781 510 824 579 τά
840 518 921 582 θεῖα
936 520 1017 604 έργα
1031 517 1188 599 ἀναιτίως

130 622 300 713 ὑφίστησι.

96 749 110 800 3
225 729 272 800 Τό
294 738 354 820 μὲν
383 727 443 802 οὖν
464 733 594 819 dederi
622 740 767 822 δαίμονα
796 732 818 818 ἢ
847 733 988 823 άγγελον
1018 738 1102 806 εἶναι
1129 739 1189 808 τόν

131 845 358 912 ἀποτελοῦντα
379 845 422 911 τά
444 853 614 934 κρείττονα
637 853 716 933 ἔργα
740 846 976 938 συγχωρήσειεν
998 845 1042 916 άν
1062 874 1125 928 τις·
1150 853 1189 920 οὐ

130 951 198 1042 μὴν
220 960 267 1023 έτι
287 980 324 1042 γε
346 958 480 1043 δίδομεν
503 955 522 1025 ὃ
545 957 587 1027 cd
607 966 833 1050 προσέρριψας
848 960 891 1038 ὡς
914 959 1189 1048 ὁμολογούμενον,

98 1064 183 1140 odra
205 1067 247 1134 δι’
264 1067 361 1154 ἡμῶν
382 1067 556 1157 έλκόμενος
578 1068 738 1152 ἀνάγκαις
759 1083 831 1149 ταῖς
849 1075 908 1152 τῆς
922 1070 1066 1153 κλήσεως
1080 1078 1189 1142 ταῦτα

131 1182 277 1246 ἐπιτελεῖς
321 1184 475 1268 κρείττων
496 1178 561 1269 γάρ
584 1180 731 1267 ἀνάγκης
759 1186 850 1250 έστὶν
878 1183 896 1250 ὁ
926 1180 1010 1262 θεὸς
1038 1189 1095 1252 καὶ
1122 1188 1190 1265 πάς

132 1289 151 1356 ὁ
174 1287 420 1376 συναπτόμενος
442 1291 531 1377 αὐτῷ
552 1296 619 1360 τῶν
640 1291 833 1383 κρειττόνων
851 1292 968 1384 χορός,
998 1294 1038 1362 οὐ
1066 1300 1124 1377 τῆς
1154 1295 1190 1376 έξ

98 1399 322 1489 θάνθράπων
344 1409 549 1489 ἐπειγομένης
570 1403 684 1490 μόνον,
707 1400 793 1470 ἀλλά
816 1409 872 1472 καὶ
895 1402 958 1487 ὅση
981 1399 1041 1472 τόν
1061 1402 1189 1493 κόσμον

132 1516 324 1606 κατείληφε·
355 1513 439 1581 διότι
461 1510 503 1596 δὴ
525 1512 585 1597 την
607 1511 710 1583 άνλον
733 1513 834 1608 φύσιν
861 1520 917 1583 καὶ
939 1519 1102 1602 μηδεμίαν
1123 1541 1188 1583 πα-

132 1627 355 1712 ραδεχομένην
377 1630 550 1706 ἐπίκτητον
571 1624 665 1708 τάξιν
687 1625 746 1694 οὐκ
768 1630 837 1693 έστι
864 1624 1029 1694 δουλεύειν
1051 1627 1190 1714 οὐδεμιᾷ

81 1750 116 1800 12
133 1733 327 1824 ἀλλαχόθεν
348 1734 532 1829 ἐπεισιοόση
555 1733 689 1829 ἀνάγκη.
728 1733 798 1804 εἶτα
819 1743 932 1826 μέντοι
953 1742 1010 1805 καὶ
1032 1737 1053 1819 ἡ
1075 1742 1190 1820 κλῆσις

132 1849 188 1914 καὶ
210 1843 251 1912 ccl
274 1845 425 1934 δρώμενα
446 1844 510 1915 ὑπό
532 1851 593 1915 τοῦ
613 1845 834 1935 ἐπιστήμονος
856 1853 894 1937 τῇ
918 1847 1109 1934 έξομοιιόσει
1132 1854 1189 1918 καὶ

134 1961 173 2050 τῇ
203 1956 359 2026 οἰκειώσει
386 1964 577 2048 προστρέχει
605 1968 675 2037 τοῖς
702 1964 884 2049 κρείττοσιν
912 1955 998 2026 αὐτά
1026 1964 1083 2027 καὶ
1112 1985 1189 2029 συν-

82 2080 115 2131 15
133 2065 285 2148 άπτεται,
319 2068 392 2136 ἀλλ’
417 2069 490 2156 οὐχὶ
524 2066 580 2136 διά
613 2071 691 2154 βίας
720 2069 937 2158 ἀπεργάζεται
970 2066 1032 2151 τὴν
1065 2074 1190 2138 ἑαυτῶν

133 2184 305 2266 ἐνέργειαν.

226 2289 274 2358 θά
293 2294 414 2371 τοίνυν,
443 2289 486 2368 ὡς
507 2288 551 2357 σὺ
569 2290 751 2378 νενόμικας,
772 2290 948 2370 παθόντος
974 2297 1036 2359 τοῦ
1057 2291 1188 2373 έπιστή-

81 2409 116 2461 18
132 2402 235 2487 μενος
256 2405 425 2490 θεουργοῦ
446 2397 487 2468 τά
508 2400 666 2488 γινόμενα
689 2402 815 2491 ὁρᾶται
832 2410 876 2481 είς
902 2398 980 2479 τοάς
1008 2404 1189 2483 θεσπίζου-

204 2589 228 2640 5.
249 2588 359 2657 δίδομεν
369 2589 401 2638 Α.
414 2580 427 2655 ΙΙ
440 2584 628 2659 προσέρριψας]
638 2587 760 2652 aicrlCD,
771 2591 932 2660 προίρριψας
941 2588 975 2640 0.
1013 2590 1105 2642 10.11.
1118 2608 1189 2659 παρ-

202 2675 325 2742 εχομένην
350 2669 380 2726 (λ’
523 2675 565 2726 11.
592 2676 675 2728 loacas
698 2674 776 2728 ACD.
920 2676 962 2726 12.
985 2673 1131 2729 έπεισιείισι
1152 2675 1188 2725 l).

206 2761 246 2813 1⁴.
268 2757 340 2812 αὑτὰ
359 2761 390 2810 Α.
499 2762 541 2811 17.
568 2757 601 2819 ὥς
618 2758 667 2826 σὺ]
687 2758 721 2820 ὥς
739 2763 784 2814 καί
801 2761 836 2814 σὺ
855 2758 908 2822 AC,
936 2761 980 2812 καί
998 2759 1032 2815 σὺ
1050 2759 1108 2813 ΒΙ).

132 2936 238 2994 carent3
259 2926 289 2983 id
306 2928 378 2993 enim
396 2926 459 2984 lacit
477 2929 523 3004 qui
541 2948 575 2986 ex
593 2948 647 2985 non
665 2928 766 2985 divinis
785 2925 875 2985 divina
898 2947 979 3004 opera
1002 2929 1062 2984 sine
1085 2929 1189 2984 ratione

131 3012 280 3090 producere
296 3012 371 3071 velit.

203 3096 343 3156 Concedct
360 3120 422 3176 ergo
442 3101 502 3176 quis
520 3109 565 3155 aut
584 3099 663 3154 deum
681 3109 727 3154 aut
744 3098 866 3174 angelum
884 3109 929 3154 aut
947 3098 1102 3154 daemonem
1123 3098 1189 3155 divi·

132 3205 227 3241 norum
245 3205 356 3262 operum
373 3205 433 3243 csse
450 3185 635 3263 perfectorem,
654 3205 703 3240 nec
722 3195 810 3240 umen
829 3184 1001 3241 concedimus
1020 3183 1049 3238 id
1068 3183 1141 3259 quod
1159 3193 1189 3240 tu

131 3280 265 3346 tamquam
283 3270 434 3328 confessum
452 3272 583 3338 adiecisti,
607 3270 681 3346 quod
698 3270 905 3327 necessitatibus
928 3268 1086 3345 quibusdam
1109 3279 1189 3324 attra-

132 3367 191 3414 ctus
208 3377 258 3435 per
275 3352 471 3415 invstationem
489 3368 608 3414 nostram
626 3355 692 3412 haec
711 3357 790 3412 obeat
805 3356 879 3412 deus.
924 3357 1104 3432 praestantior
1117 3357 1189 3410 enim

131 3453 174 3498 est
191 3444 256 3501 deus
275 3446 348 3500 omni
369 3446 531 3501 necessitate
552 3445 692 3518 omnisque
715 3442 782 3498 adeo
805 3442 838 3497 ab
860 3461 893 3497 eo
915 3441 1035 3519 pendens
1060 3460 1189 3518 superum

131 3529 238 3597 chorus,
257 3550 307 3585 nec
325 3529 359 3585 al)
377 3550 408 3585 ea
419 3540 521 3586 tantum
533 3532 693 3586 necessitate
705 3549 783 3605 quem
795 3527 917 3583 homines
934 3526 1062 3583 invehere
1072 3528 1187 3604 possint,

130 3616 179 3671 sed
198 3615 231 3670 ab
249 3615 322 3668 omni
340 3634 371 3669 ca
389 3634 457 3690 quae
474 3615 601 3671 mundum
624 3617 780 3692 occupavit:
806 3615 931 3688 qnoniam
952 3624 1051 3669 natura
1071 3614 1188 3668 immate·

130 3699 205 3757 rialis
224 3701 364 3775 omnisque
382 3700 521 3758 adventitii
540 3701 644 3757 ordinis
662 3703 771 3756 minime
789 3717 873 3775 capax
891 3696 957 3752 nulli
976 3696 1084 3754 aliunde
1096 3716 1189 3775 super·

130 3788 248 3844 venienti
267 3786 369 3841 servire
386 3787 476 3862 possit
493 3788 655 3842 necessitati.
704 3784 801 3841 deinde
819 3785 953 3840 invocatio
972 3783 1080 3858 quidem
1102 3793 1129 3839 et
1147 3803 1188 3839 ce·

130 3883 186 3929 tera
206 3892 287 3950 opera
306 3891 381 3927 sacra
399 3870 431 3926 ab
449 3869 615 3948 intelligente
638 3869 778 3926 sacerdote
800 3867 882 3935 lacta,
908 3870 935 3924 vi
958 3867 1142 3925 similitudinis
1161 3877 1188 3923 et

131 3961 206 4033 quasi
225 3960 392 4034 cognationis
412 3957 454 4020 ad,
464 3956 530 4013 deos
548 3957 607 4033 ipsa
631 3954 703 4011 ultro
726 3963 836 4010 canunt
858 3963 886 4010 ct
908 3964 1115 4022 connectuntur,
1137 3973 1187 4008 nec

130 4055 217 4102 tamen
235 4043 363 4102 violentia
383 4063 445 4100 suas
464 4044 634 4119 operationes
652 4039 807 4096 conficiunt.

200 4130 261 4186 Non
273 4132 362 4206 igitur,
382 4127 605 4207 quemadmodum
616 4137 646 4183 tn
658 4127 826 4195 existimasti,
846 4146 914 4204 quae
932 4124 1114 4183 divinantibus
1128 4142 1188 4178 eve·

130 4219 206 4273 niunt
224 4237 284 4274 cum
301 4217 451 4274 sacerdotis
469 4216 610 4294 prudentis
629 4213 716 4291 aliqua
734 4216 860 4292 passione
878 4213 953 4279 liunt,
972 4220 1018 4265 ant
1032 4210 1188 4266 vaticinium

987 4321 1020 4372 10
