2776 4876
210 350 283 417 ²2¹⁰
1235 356 1271 410 93

212 508 348 595 ωροῦσι·
372 502 485 594 διόπερ
508 503 550 587 δὴ
572 510 628 573 καὶ
650 501 688 572 τὸ
704 504 902 575 αῦτοπτικδν
917 513 981 594 πῦρ
1003 518 1073 587 τοῖς
1088 511 1266 599 θεονργοῖς

211 620 434 685 ἐπιδείκνυσιν.
480 615 520 684 οὐ
540 614 605 704 γάρ
629 614 836 703 θερμότητος
851 623 948 706 ἔργον
962 617 1086 707 ψύχειν,
1110 619 1184 688 οῦδὲ
1201 647 1269 713 φω-

176 741 192 792 ε
211 725 268 807 τός
289 728 328 796 τὸ
343 734 524 797 ἐπισκοτεῖν
539 723 561 810 ἢ
576 724 795 815 ἀποκρύπτειν
811 755 842 796 τι
855 735 921 796 τῶν
937 727 1050 810 όντων,
1074 728 1149 798 οὐδὲ
1165 728 1268 801 ἀλλον

210 836 347 918 οῦδενδς
368 844 433 906 τῶν
447 839 519 907 κατ’
539 839 658 908 οὐσίαν
674 840 786 908 ὁτιοῦν
800 845 1092 928 διαπραττομένων
1109 839 1266 930 πάρεστιν

210 949 283 1035 ἀμα
304 955 361 1017 καὶ
384 950 404 1032 ἡ
425 954 486 1019 τοῦ
507 958 659 1020 ἐναντίου
680 956 777 1040 ἔργον
799 951 952 1038 δύναμις·
975 952 1062 1019 ἀλλά
1083 950 1126 1019 τά
1140 950 1187 1040 μὴ
1203 953 1266 1045 φά-

176 1077 192 1128 ἐ
211 1084 265 1130 σιν
285 1065 403 1149 ἐχοντα
421 1065 477 1129 καλ
493 1068 626 1130 ἐναντία
640 1074 711 1141 τοῖς
725 1064 798 1131 κατ’
814 1064 932 1133 οὐσίαν
944 1061 1138 1153 ὑπάρχουσι,
1162 1069 1266 1133 ταῦτα

210 1176 424 1261 ἐπιδέχεσθαι
445 1170 487 1240 τά
509 1178 645 1242 ἐναντία
666 1172 807 1243 δάναται
829 1172 851 1258 ἢ
872 1177 919 1260 τοῦ
946 1179 1037 1261 κακοῦ
1065 1179 1268 1265 περιπίπτειν

209 1288 342 1377 nimbata.

176 1405 192 1457 t
227 1409 230 1418 ·
304 1392 356 1462 ‘sti
377 1393 463 1464 αὐτοὶ
486 1401 598 1464 τοίνυν
613 1401 669 1464 καὶ
684 1401 757 1485 περὶ
774 1399 838 1464 τῶν
853 1395 1103 1488 φαντασμάτων
1118 1401 1264 1487 ἐροῦμεν.

210 1515 240 1576 ti
259 1504 324 1596 γάρ
345 1509 452 1576 ταῦτα
468 1503 554 1580 αῦτά
568 1512 628 1592 μὲν
644 1506 703 1575 οὐκ
718 1511 786 1575 ἐστι
800 1507 945 1590 τάληθῆ,
968 1512 1106 1576 τοιαῦτα
1122 1512 1156 1578 δέ
1172 1519 1265 1601 ἕτερα

210 1617 328 1708 ολάπερ
350 1615 489 1708 ῦποίρχει
510 1616 553 1684 τά
575 1616 675 1705 ὄντα,
705 1618 764 1687 οῦν
785 1623 854 1687 ἐστι
876 1618 984 1701 δήπου
1005 1627 1041 1686 ἐν
1069 1631 1140 1700 τοῖς
1167 1622 1266 1690 αὐτο-

159 1735 192 1788 ¹²
211 1735 333 1824 φανέσι
360 1727 540 1815 πνεύμασι,
573 1729 778 1820 φαντάζεται
807 1733 842 1798 δὲ
868 1729 953 1798 εἶναι
980 1734 1119 1799 τοιαῦτα
1149 1729 1265 1819 ολάπερ

209 1838 296 1908 αῦτά
317 1841 452 1923 ἀληθῆ·
474 1847 598 1928 μετέχει
620 1844 655 1908 δὲ
677 1845 732 1909 καί
754 1845 861 1909 ταῦτα
883 1846 943 1910 τοῦ
963 1842 1107 1932 ψεύδους
1128 1847 1184 1911 καί
1207 1845 1267 1925 τῆς

209 1951 348 2036 ἀπάτης,
376 1951 484 2041 ὥσπερ
507 1949 550 2019 τά
570 1959 607 2020 ἐν
629 1965 699 2032 τοῖς
722 1950 865 2031 ελδόλοις
888 1953 1076 2045 φαινόμενα
1105 1955 1175 2036 είδη
1198 1980 1265 2021 τοι-

158 2076 191 2127 15
210 2061 296 2131 αῦτοί
317 2071 401 2130 ἐστι·
429 2068 485 2132 καὶ
514 2063 599 2132 οὕτω
629 2067 784 2143 διακονεῖς
812 2068 895 2131 ἐλκει
921 2062 983 2146 τὴν
1011 2064 1163 2133 διάνοιαν
1191 2070 1265 2152 περὶ
1288 2144 1301 2161 θ

208 2173 326 2242 ἀοῦδ
345 2175 459 2242 ὁτιοῦν
487 2179 553 2241 τῶν
580 2175 773 2263 κρειττόνων
796 2179 887 2242 ἐσται
914 2181 1026 2262 γενῶν.
1072 2185 1107 2245 ἐν
1135 2179 1171 2244 δέ
1192 2190 1294 2254 ταῖς

208 2285 397 2368 ἀπατηλοῖς
417 2289 512 2352 ἔσται
533 2290 589 2353 καὶ
612 2283 699 2354 αῦτά
719 2298 967 2375 παρατροπαῖς·
990 2284 1029 2354 τδ
1050 2283 1115 2376 γάρ
1130 2292 1263 2374 μίμημα

157 2402 191 2456 18
207 2384 268 2464 τοῦ
291 2393 387 2476 ὄντος
414 2400 472 2466 καὶ
499 2393 536 2465 τδ
565 2397 720 2486 ἀμυδρῶς
746 2395 955 2484 είκαζόμενον
983 2402 1039 2465 καὶ
1067 2395 1105 2466 τδ
1136 2397 1265 2480 ἀπάτης

208 2513 315 2576 αίτιον
348 2506 545 2594 γιγνόμενον
577 2507 687 2577 οὐδενὶ
720 2513 786 2576 τῶν
818 2508 992 2591 ἀληθινῶν
1030 2513 1088 2578 καὶ
1119 2513 1265 2599 ἐναργῶς

279 2718 303 2770 3.
331 2717 532 2772 ἐπεσκοπεῖτο.
553 2712 567 2787 ΙΙ
588 2712 764 2790 ἀποκρίπττιν
783 2719 815 2772 Ι).
888 2720 912 2772 6.
940 2721 985 2771 καλ
1002 2719 1040 2771 τά
1057 2721 1164 2772 ἐναντία
1184 2717 1262 2771 acl).

280 2806 322 2857 11.
350 2809 425 2858 ἐσται
443 2802 489 2856 Ac
570 2806 669 2857 11.12.
697 2799 876 2876 αάτοφανίσι]
895 2802 931 2856 εἰσ
950 2802 1030 2867 Aci),
1058 2799 1210 2876 ἀποφανέσι
1228 2804 1262 2858 0.

280 2891 323 2944 13.
349 2892 395 2942 καλ
412 2903 468 2942 ante
485 2887 575 2943 ταῦτα
593 2911 643 2942 om.
663 2890 696 2944 Ι).
772 2891 812 2944 14.
839 2890 948 2950 εέδόλοις
966 2890 1000 2941 D.

207 3093 322 3170 ideoque
338 3090 427 3170 iguem
445 3114 523 3152 auum
547 3115 596 3174 per
614 3116 645 3153 οε
661 3099 825 3175 propriaque
842 3095 926 3153 forma
944 3098 1118 3176 spectandum
1135 3095 1262 3153 exhibent

207 3180 400 3238 sacerdotibus.
449 3201 503 3238 nan
522 3185 592 3238 anim
603 3194 646 3240 eat
659 3183 758 3240 talaria
769 3183 928 3260 ίτίςίίτεοτε,
946 3194 992 3239 aut
1003 3183 1073 3240 lucia
1085 3183 1262 3239 obtenebrare

207 3276 252 3322 aut
269 3265 369 3343 aliquid
388 3268 541 3337 obscurare,
559 3261 744 3347 aaa'deaiqua
760 3269 842 3326 alliaa
861 3272 900 3326 rai
918 3280 969 3337 εεέ,
987 3289 1037 3347 ρετ
1054 3270 1197 3325 essentiam
1215 3270 1262 3325 aii·

206 3352 271 3428 qaid
290 3352 440 3420 efficientia,
458 3358 621 3412 eontrarium
639 3355 783 3432 aliquanda
801 3355 900 3420 fatet-m
923 3353 973 3412 aed
995 3376 1061 3432 quae
1079 3374 1169 3412 varam
1187 3365 1262 3410 nata·

207 3457 263 3494 ram
282 3459 335 3493 nan
354 3437 466 3508 habant,
488 3463 610 3519 quaeque
627 3444 761 3499 contraria
779 3451 842 3499 aunt
864 3445 904 3498 eia
923 3462 991 3519 quaa
1009 3443 1151 3498 essentiam
1173 3443 1261 3518 pasti·

129 3554 132 3559 ⁴
206 3524 278 3591 dant,
298 3528 430 3581 contraria
448 3531 600 3606 suscipiant
618 3539 646 3585 at
662 3527 734 3585 malo
752 3528 826 3584 ἐνδεῖ
843 3537 965 3604 ρατιονε.

278 3608 369 3681 Quare
386 3609 478 3666 eadem
496 3611 530 3667 de
547 3611 740 3689 pbmtaamatia
758 3613 881 3670 dicimus.
925 3615 951 3668 ai
973 3633 1004 3669 εε
1027 3634 1090 3671 vera
1116 3632 1170 3669 νον
1188 3623 1260 3680 aunt,

206 3715 270 3752 tane
289 3714 340 3749 nec
357 3695 387 3749 in
404 3697 544 3772 spiritibua
562 3700 752 3777 apparentibus
769 3709 859 3755 cetera
878 3717 909 3754 τε
920 3699 957 3752 ita
970 3698 1076 3766 babent,
1095 3709 1125 3755 ut
1137 3719 1180 3756 aaa
1194 3719 1260 3775 quae

206 3801 284 3838 verae
303 3781 436 3849 existunt,
458 3782 631 3857 imaginamur
647 3796 736 3841 autem
753 3804 816 3841 vera
835 3803 907 3840 ame:
932 3781 998 3838 baec
1020 3785 1102 3860 igitur
1124 3804 1157 3840 οο
1179 3783 1260 3840 mado

206 3865 272 3923 [aba
290 3876 354 3924 aaut
371 3876 399 3922 et
415 3867 565 3937 mendacia,
588 3889 642 3944 quo
660 3873 688 3926 in
709 3867 829 3947 apamiis
851 3865 1006 3933 simulacra
1033 3871 1123 3946 itaque
1145 3880 1259 3926 mentam

205 3955 282 4009 vanis
300 3954 459 4028 imaginibus
477 3955 584 4030 rapiunt
601 3957 672 4010 circa
690 3976 733 4020 aa,
756 3974 824 4030 quae
847 3954 875 4008 in
893 3953 1051 4011 melioribus
1075 3959 1176 4013 naturis
1194 3975 1260 4011 nun·

207 4057 285 4114 quam
303 4040 480 4115 reperiantur.
528 4039 600 4095 idem
619 4042 710 4096 evenit
721 4043 748 4096 in
760 4037 901 4096 fallacibus
913 4039 1123 4109 deflaxioaibum
1142 4061 1202 4098 nam
1219 4043 1258 4095 rai

206 4143 268 4180 τετε
286 4126 426 4181 exiatantia
444 4126 578 4182 imitamen
596 4145 706 4190 matum.
730 4124 810 4184 exilia
829 4127 921 4183 umbra
939 4137 967 4184 at
984 4127 1151 4204 figmentum,
1175 4125 1259 4201 quod·

207 4228 259 4284 qua
281 4209 467 4287 deceptionem
490 4221 587 4290 sponte
609 4210 731 4281 inducat,
756 4211 824 4269 nulli
847 4216 973 4271 mutauit
994 4233 1084 4270 aarum
1106 4219 1257 4267 naturarum
